Customer Name,Country/Region,State/Province,Date,Sales
Dennis Pardue,United States,Wisconsin,1/1/2023,$4 
Guy Armstrong,United States,Ohio,1/1/2023,$49 
Janet Martin,United States,Texas,1/1/2023,$955 
Steven Cartwright,United States,California,1/1/2023,$474 
Bradley Drucker,United States,Wisconsin,2/1/2020,$469 
Cyma Kinney,United States,Virginia,2/1/2022,$56 
Suzanne McNair,United States,California,2/1/2022,$106 
Craig Molinari,United States,Texas,3/1/2021,"$1,283 "
Dave Brooks,United States,Washington,3/1/2020,$458 
Dave Hallsten,United States,California,3/1/2021,$201 
Giulietta Weimer,United States,Texas,3/1/2020,$514 
Hallie Redmond,United States,New York,3/1/2020,$6 
Karen Daniels,United States,New York,3/1/2022,"$6,126 "
Odella Nelson,United States,Colorado,3/1/2022,$160 
Resi Pölking,United States,Pennsylvania,3/1/2021,$4 
Shahid Collister,United States,Texas,3/1/2020,$574 
Shui Tom,United States,Georgia,3/1/2021,$59 
Tracy Poddar,United States,Texas,3/1/2021,$96 
Vicky Freymann,United States,Illinois,3/1/2020,$652 
Adam Shillingsburg,United States,Missouri,4/1/2023,$123 
Barry Blumstein,United States,Arizona,4/1/2022,$62 
Barry Französisch,United States,Florida,4/1/2023,$269 
Daniel Byrd,United States,Georgia,4/1/2022,$7 
Don Weiss,United States,New York,4/1/2022,$88 
Frank Preis,United States,New York,4/1/2022,"$1,385 "
George Bell,United States,South Carolina,4/1/2023,$128 
John Castell,United States,New York,4/1/2023,$43 
Katharine Harms,United States,Massachusetts,4/1/2020,$73 
Kunst Miller,United States,California,4/1/2020,$47 
Maribeth Schnelling,United States,California,4/1/2023,$127 
Muhammed Yedwab,United States,Wisconsin,4/1/2022,$13 
Nick Crebassa,United States,California,4/1/2023,"$5,283 "
Raymond Buch,United States,New York,4/1/2022,$561 
Thomas Boland,United States,New York,4/1/2022,$46 
Arthur Gainer,United States,Florida,5/1/2023,$319 
Caroline Jumper,United States,Florida,5/1/2023,"$3,741 "
Chris McAfee,United States,Arkansas,5/1/2022,$141 
David Bremer,United States,Florida,5/1/2021,$278 
Herbert Flentye,United States,Tennessee,5/1/2022,$377 
Jennifer Braxton,United States,California,5/1/2021,$89 
Patrick O'Brill,United States,California,5/1/2021,$85 
Sanjit Jacobs,United States,Arkansas,5/1/2023,$49 
Ashley Jarboe,United States,Michigan,June/1/2021,$774 
Barry Blumstein,United States,Ohio,June/1/2023,$17 
Barry Weirich,United States,Pennsylvania,June/1/2023,$325 
Catherine Glotzbach,United States,California,June/1/2021,$12 
Corey Roper,United States,New Jersey,June/1/2020,$335 
Cynthia Voltz,United States,Nebraska,June/1/2023,$54 
Dianna Wilson,United States,Minnesota,June/1/2020,"$3,746 "
Fred Harton,United States,Ohio,June/1/2023,$190 
Helen Wasserman,United States,Indiana,June/1/2023,"$4,472 "
Katrina Edelman,United States,Texas,June/1/2021,$48 
Liz Thompson,United States,Arkansas,June/1/2020,$904 
Quincy Jones,United States,Michigan,June/1/2020,$204 
Dorris liebe,United States,Washington,July/1/2020,$20 
Eugene Moren,United States,Utah,July/1/2022,"$1,500 "
Jay Fein,United States,South Carolina,July/1/2022,$86 
Karen Ferguson,United States,Indiana,July/1/2023,$640 
Laurel Workman,United States,Florida,July/1/2020,$581 
Nick Zandusky,United States,Washington,July/1/2022,$2 
Stephanie Ulpright,United States,New York,July/1/2022,$136 
Aaron Smayling,United States,Texas,8/1/2023,"$1,476 "
Ann Steele,United States,Pennsylvania,8/1/2020,$6 
Annie Thurman,United States,Illinois,8/1/2023,$96 
Barbara Fisher,United States,North Carolina,8/1/2020,$203 
Eric Murdock,United States,California,8/1/2023,$187 
Heather Kirkland,United States,California,8/1/2023,$55 
Ivan Liston,United States,California,8/1/2020,$20 
Khloe Miller,United States,Pennsylvania,8/1/2022,$19 
Larry Hughes,United States,North Carolina,8/1/2023,$272 
Pauline Chand,United States,California,8/1/2021,"$1,012 "
Susan Gilcrest,United States,Texas,8/1/2022,$20 
Thomas Seio,United States,California,8/1/2022,"$1,086 "
Adam Bellavance,United States,New York,9/1/2022,"$4,439 "
Bradley Nguyen,United States,New York,9/1/2023,$115 
Christine Kargatis,United States,Washington,9/1/2023,$8 
Cynthia Arntzen,United States,Michigan,9/1/2023,$498 
Cynthia Voltz,United States,California,9/1/2022,$22 
Daniel Raglin,United States,Massachusetts,9/1/2021,"$1,388 "
Dean Katz,United States,Pennsylvania,9/1/2022,$71 
Doug Bickford,United States,California,9/1/2021,$979 
Jack Lebron,United States,Texas,9/1/2020,$35 
Joseph Airdo,United States,Michigan,9/1/2022,$478 
Larry Tron,United States,California,9/1/2020,$54 
Laurel Beltran,United States,California,9/1/2022,$13 
Lena Hernandez,United States,New York,9/1/2020,$381 
Patrick Gardner,United States,New York,9/1/2022,$744 
Rick Wilson,United States,Washington,9/1/2023,$598 
Sung Shariari,United States,Washington,9/1/2023,$43 
Brian DeCherney,United States,California,10/1/2022,$195 
Chris Cortes,United States,Indiana,10/1/2022,$112 
Corinna Mitchell,United States,New York,10/1/2023,"$1,705 "
Dave Kipp,United States,Nebraska,10/1/2023,$105 
Ellis Ballard,United States,Washington,10/1/2023,$644 
Eric Murdock,United States,Illinois,10/1/2021,$112 
Eric Murdock,United States,Oregon,10/1/2021,$573 
Greg Matthias,United States,New York,10/1/2022,$331 
Hunter Glantz,United States,Texas,10/1/2022,$108 
Jamie Kunitz,United States,Florida,10/1/2022,$36 
Ken Heidel,United States,Texas,10/1/2023,$7 
Neil Französisch,United States,Nevada,10/1/2020,$5 
Neola Schneider,United States,California,10/1/2023,$414 
Robert Marley,United States,Massachusetts,10/1/2021,$334 
Shaun Chance,United States,Colorado,10/1/2021,$139 
Tanja Norvell,United States,California,10/1/2023,$105 
Cindy Schnelling,United States,Texas,11/1/2022,$112 
Daniel Lacy,United States,New York,11/1/2020,$734 
Deirdre Greer,United States,New Jersey,11/1/2020,$76 
Erin Ashbrook,United States,Ohio,11/1/2020,$94 
Guy Armstrong,United States,Oregon,11/1/2021,$8 
Jack O'Briant,United States,Kentucky,11/1/2020,$75 
Jeremy Farry,United States,New York,11/1/2021,$205 
Justin Hirsh,United States,New York,11/1/2021,$328 
Katherine Murray,United States,Virginia,11/1/2022,$274 
Ken Heidel,United States,North Carolina,11/1/2020,"$1,044 "
MaryBeth Skach,United States,Arkansas,11/1/2021,$302 
Natalie DeCherney,United States,Oregon,11/1/2020,$600 
Paul Lucas,United States,California,11/1/2020,$66 
Quincy Jones,United States,New York,11/1/2021,$5 
Russell Applegate,United States,Colorado,11/1/2020,"$2,027 "
Sandra Flanagan,United States,Massachusetts,11/1/2023,$231 
Sarah Foster,United States,Washington,11/1/2023,"$2,691 "
Suzanne McNair,United States,Illinois,11/1/2020,$16 
Valerie Dominguez,United States,New York,11/1/2021,"$2,220 "
Valerie Mitchum,United States,Pennsylvania,11/1/2021,$39 
Xylona Preis,United States,Illinois,11/1/2022,$68 
Alan Dominguez,United States,Connecticut,12/1/2023,$917 
Allen Goldenen,United States,Tennessee,12/1/2022,$5 
Anna Andreadi,United States,Massachusetts,12/1/2020,$328 
Beth Thompson,United States,Washington,12/1/2021,$14 
Carl Ludwig,United States,California,12/1/2022,$17 
Clay Cheatham,United States,California,12/1/2023,$55 
Craig Carreira,United States,New York,12/1/2023,$259 
Dianna Vittorini,United States,Colorado,12/1/2023,"$1,020 "
Erica Hernandez,United States,Pennsylvania,12/1/2023,$168 
Eva Jacobs,United States,Massachusetts,12/1/2022,"$1,517 "
Fred Hopkins,United States,California,12/1/2022,$23 
Gary Zandusky,United States,Minnesota,12/1/2022,$24 
Joe Kamberova,United States,Ohio,12/1/2020,"$1,614 "
Joel Eaton,United States,Maryland,12/1/2022,$352 
John Murray,United States,Texas,12/1/2022,$345 
Jonathan Doherty,United States,Virginia,12/1/2022,"$2,145 "
Joseph Holt,United States,Michigan,12/1/2023,$376 
Keith Dawkins,United States,Virginia,12/1/2021,$126 
Laurel Beltran,United States,California,12/1/2022,"$1,216 "
Lindsay Castell,United States,California,12/1/2021,"$2,677 "
Logan Currie,United States,Washington,12/1/2021,$55 
Maribeth Yedwab,United States,Texas,12/1/2023,$10 
Matt Abelman,United States,Michigan,12/1/2021,$42 
Matt Connell,United States,Texas,12/1/2020,$674 
Matthew Grinstein,United States,Ohio,12/1/2023,$8 
Max Ludwig,United States,California,12/1/2023,$630 
Mike Vittorini,United States,North Carolina,12/1/2022,$864 
Neoma Murray,United States,Texas,12/1/2021,$7 
Ralph Arnett,United States,Pennsylvania,12/1/2023,$117 
Resi Pölking,United States,Wisconsin,12/1/2020,"$2,854 "
Rick Duston,United States,Indiana,12/1/2022,$17 
Sally Hughsby,United States,Washington,12/1/2023,$628 
Sarah Jordon,United States,Texas,12/1/2023,$537 
Sean Christensen,United States,Pennsylvania,12/1/2023,$423 
Sean O'Donnell,United States,Washington,12/1/2023,$184 
Shirley Jackson,United States,Connecticut,12/1/2022,$840 
Tamara Willingham,United States,Washington,12/1/2021,"$4,211 "
Toby Braunhardt,United States,North Carolina,12/1/2020,$96 
Toby Ritter,United States,California,12/1/2020,$58 
Aaron Smayling,United States,North Carolina,1/2/2023,$740 
Brendan Murry,United States,Maryland,1/2/2022,$406 
Claudia Bergmann,United States,Delaware,1/2/2021,$115 
Fred Wasserman,United States,California,1/2/2023,$17 
Trudy Schmidt,United States,Texas,1/2/2023,"$1,323 "
Victoria Wilson,United States,Ohio,1/2/2021,"$1,817 "
Adrian Barton,United States,New York,2/2/2022,$118 
Bill Overfelt,United States,California,2/2/2023,$482 
Cynthia Delaney,United States,California,2/2/2020,$12 
Dorothy Wardle,United States,Ohio,2/2/2023,$160 
Eric Barreto,United States,Florida,2/2/2020,$199 
John Lee,United States,California,2/2/2023,$272 
Noel Staavos,United States,Texas,2/2/2022,$74 
Sanjit Engle,United States,Virginia,2/2/2022,"$8,805 "
Dave Kipp,United States,Washington,3/2/2021,$788 
Dorothy Badders,United States,Delaware,3/2/2023,$627 
Joseph Airdo,United States,Ohio,3/2/2023,$19 
Ken Dana,United States,California,3/2/2023,$108 
Kristina Nunn,United States,New York,3/2/2020,$48 
Maribeth Yedwab,United States,California,3/2/2023,$677 
Nicole Hansen,United States,Pennsylvania,3/2/2020,$155 
Pete Armstrong,United States,Indiana,3/2/2021,$112 
Roland Schwarz,United States,Texas,3/2/2023,$1 
Stewart Carmichael,United States,Texas,3/2/2023,$19 
Alyssa Tate,United States,Connecticut,4/2/2023,$11 
Amy Hunt,United States,Alabama,4/2/2023,$15 
Anna Häberlin,United States,Virginia,4/2/2020,$178 
Cari Sayre,United States,Texas,4/2/2021,$9 
Denny Joy,United States,Wisconsin,4/2/2022,"$1,455 "
Jamie Frazer,United States,California,4/2/2023,$25 
John Dryer,United States,California,4/2/2021,$72 
John Lucas,United States,Arizona,4/2/2021,$88 
Michael Oakman,United States,Texas,4/2/2021,$130 
Rob Dowd,United States,Georgia,4/2/2020,"$1,221 "
Sam Craven,United States,Texas,4/2/2020,$60 
Tony Chapman,United States,Georgia,4/2/2023,$772 
Adam Shillingsburg,United States,Texas,5/2/2022,$37 
Andrew Roberts,United States,Ohio,5/2/2020,$26 
Bryan Davis,United States,Texas,5/2/2022,$86 
Cari Schnelling,United States,Florida,5/2/2020,$480 
Cindy Chapman,United States,New York,5/2/2022,$91 
Dan Lawera,United States,North Carolina,5/2/2022,$187 
Dorothy Dickinson,United States,California,5/2/2023,$110 
Dorothy Wardle,United States,New Jersey,5/2/2023,$130 
Edward Hooks,United States,New York,5/2/2022,$331 
Elizabeth Moffitt,United States,California,5/2/2023,$160 
Nick Radford,United States,Texas,5/2/2022,$367 
Noah Childs,United States,Texas,5/2/2021,$167 
Alejandro Ballentine,United States,Ohio,June/2/2023,$30 
Cari Schnelling,United States,North Carolina,June/2/2023,$25 
Christine Kargatis,United States,Utah,June/2/2020,$133 
Denny Ordway,United States,Arizona,June/2/2023,$69 
Edward Hooks,United States,Washington,June/2/2022,$93 
John Dryer,United States,Texas,June/2/2023,$11 
Karen Carlisle,United States,Pennsylvania,June/2/2022,$65 
Stewart Visinsky,United States,Georgia,June/2/2020,$605 
Adrian Hane,United States,Texas,July/2/2023,$169 
Eric Hoffmann,United States,New Jersey,July/2/2020,$80 
Erin Ashbrook,United States,Texas,July/2/2022,$570 
Frank Atkinson,United States,North Carolina,July/2/2021,$246 
George Bell,United States,California,July/2/2022,$195 
Karl Braun,United States,Florida,July/2/2021,$28 
Katherine Hughes,United States,Virginia,July/2/2022,$8 
Richard Bierner,United States,Texas,July/2/2021,$33 
Rob Haberlin,United States,Illinois,July/2/2021,"$1,306 "
Steven Roelle,United States,New York,July/2/2021,$19 
Barry Französisch,United States,California,8/2/2022,$483 
Brad Eason,United States,Rhode Island,8/2/2021,$448 
Corey-Lock,United States,Washington,8/2/2021,$565 
Darren Koutras,United States,Oregon,8/2/2021,$278 
Nick Zandusky,United States,Missouri,8/2/2020,$886 
Alan Hwang,United States,Kentucky,9/2/2023,"$1,578 "
Andy Gerbode,United States,Texas,9/2/2020,$560 
Ann Chong,United States,New York,9/2/2023,"$2,256 "
Anthony Witt,United States,California,9/2/2023,$285 
Becky Martin,United States,Washington,9/2/2022,$282 
Bill Eplett,United States,Michigan,9/2/2023,"$3,481 "
Bryan Mills,United States,Illinois,9/2/2020,$476 
Christina VanderZanden,United States,Illinois,9/2/2020,$240 
Clay Ludtke,United States,New York,9/2/2020,$21 
Dorris liebe,United States,Ohio,9/2/2023,$15 
Janet Lee,United States,California,9/2/2023,$255 
Jill Stevenson,United States,Illinois,9/2/2023,$258 
Joe Elijah,United States,North Carolina,9/2/2022,"$1,854 "
Justin MacKendrick,United States,New York,9/2/2020,$91 
Karen Daniels,United States,New York,9/2/2022,$115 
Katherine Ducich,United States,New York,9/2/2020,$73 
Lena Radford,United States,California,9/2/2022,"$1,804 "
Luke Weiss,United States,Colorado,9/2/2023,$12 
Marc Harrigan,United States,California,9/2/2023,$703 
Mick Crebagga,United States,Illinois,9/2/2023,$41 
Phillip Flathmann,United States,California,9/2/2023,$7 
Ralph Kennedy,United States,Pennsylvania,9/2/2023,$12 
Rob Lucas,United States,Illinois,9/2/2022,"$1,427 "
Ross DeVincentis,United States,Texas,9/2/2022,$168 
Sam Zeldin,United States,California,9/2/2022,$47 
Sanjit Chand,United States,Arkansas,9/2/2020,"$1,794 "
Sonia Sunley,United States,Wisconsin,9/2/2022,$10 
Stephanie Ulpright,United States,Washington,9/2/2023,$216 
Ted Butterfield,United States,Connecticut,9/2/2023,$238 
Toby Gnade,United States,Washington,9/2/2022,"$1,000 "
Tom Ashbrook,United States,Illinois,9/2/2022,$84 
Becky Pak,United States,New York,10/2/2023,$49 
Chad McGuire,United States,California,10/2/2023,$387 
Chloris Kastensmidt,United States,Oregon,10/2/2021,$64 
Christopher Schild,United States,California,10/2/2021,$270 
Dean percer,United States,Tennessee,10/2/2023,"$2,438 "
Ed Braxton,United States,California,10/2/2021,$58 
Erin Smith,United States,Arizona,10/2/2020,$598 
Frank Gastineau,United States,Washington,10/2/2023,$94 
Henry MacAllister,United States,California,10/2/2021,$569 
Jane Waco,United States,Alabama,10/2/2023,$10 
Jennifer Patt,United States,New Jersey,10/2/2021,$236 
Juliana Krohn,United States,Oregon,10/2/2023,$375 
Liz Preis,United States,Arizona,10/2/2022,$55 
Michael Paige,United States,Connecticut,10/2/2021,$27 
Nora Pelletier,United States,North Carolina,10/2/2021,$7 
Paul Van Hugh,United States,California,10/2/2023,"$1,687 "
Resi Pölking,United States,Colorado,10/2/2021,$11 
Rob Williams,United States,New York,10/2/2023,$66 
Roland Fjeld,United States,Michigan,10/2/2023,$276 
Sheri Gordon,United States,Maryland,10/2/2021,$27 
Steve Chapman,United States,Texas,10/2/2023,$37 
Tamara Chand,United States,Indiana,10/2/2022,"$18,337 "
Tim Taslimi,United States,New York,10/2/2022,$61 
Anthony Rawles,United States,Ohio,11/2/2023,$385 
Barry Blumstein,United States,Texas,11/2/2021,$374 
Barry Gonzalez,United States,Virginia,11/2/2023,$6 
Cindy Stewart,United States,California,11/2/2023,$168 
Emily Ducich,United States,New York,11/2/2021,"$2,621 "
Emily Grady,United States,Virginia,11/2/2021,$198 
Greg Guthrie,United States,Illinois,11/2/2023,$54 
Jas O'Carroll,United States,California,11/2/2021,"$1,039 "
Joy Bell-,United States,Utah,11/2/2023,$19 
Julie Kriz,United States,Florida,11/2/2020,$800 
Kalyca Meade,United States,Kansas,11/2/2023,$46 
Kelly Collister,United States,Washington,11/2/2021,$448 
Ken Heidel,United States,Washington,11/2/2023,$24 
Liz Carlisle,United States,Ohio,11/2/2020,$609 
Liz Thompson,United States,California,11/2/2021,$739 
Nancy Lomonaco,United States,California,11/2/2023,"$1,159 "
Nora Paige,United States,Missouri,11/2/2023,$96 
Patrick O'Brill,United States,Texas,11/2/2020,$89 
Roger Demir,United States,New York,11/2/2020,$124 
Scot Wooten,United States,New York,11/2/2021,$110 
Shahid Hopkins,United States,California,11/2/2020,$409 
Sharelle Roach,United States,Ohio,11/2/2023,$155 
Steven Ward,United States,Washington,11/2/2020,$95 
Thea Hudgings,United States,Pennsylvania,11/2/2023,$892 
Thomas Boland,United States,Kentucky,11/2/2023,"$3,291 "
Michael Knudson,Canada,New Brunswick,12/2/2020,$56 
Michael Knudson,Canada,New Brunswick,12/2/2021,$56 
Michael Knudson,Canada,New Brunswick,12/2/2022,$56 
Michael Knudson,Canada,New Brunswick,12/2/2023,$56 
Neil Cohen,Canada,Nova Scotia,12/2/2020,$58 
Neil Cohen,Canada,Nova Scotia,12/2/2021,$58 
Neil Cohen,Canada,Nova Scotia,12/2/2022,$58 
Neil Cohen,Canada,Nova Scotia,12/2/2023,$58 
Adam Shillingsburg,United States,Virginia,12/2/2023,$35 
Alan Schoenberger,United States,Colorado,12/2/2022,$166 
Alice McCarthy,United States,California,12/2/2023,$179 
Barry Gonzalez,United States,North Carolina,12/2/2023,$33 
Bill Stewart,United States,Colorado,12/2/2023,"$1,916 "
Brenda Bowman,United States,California,12/2/2023,"$1,379 "
Daniel Byrd,United States,Florida,12/2/2023,$46 
David Philippe,United States,New York,12/2/2020,"$1,051 "
Deborah Brumfield,United States,Rhode Island,12/2/2022,"$2,782 "
Elizabeth Moffitt,United States,Georgia,12/2/2020,$21 
Erin Smith,United States,Ohio,12/2/2023,$171 
Giulietta Weimer,United States,Pennsylvania,12/2/2023,$631 
Jamie Frazer,United States,New York,12/2/2022,$505 
Joy Smith,United States,Texas,12/2/2023,$303 
Juliana Krohn,United States,Nebraska,12/2/2023,"$2,480 "
Katherine Nockton,United States,Ohio,12/2/2020,$120 
Keith Dawkins,United States,California,12/2/2022,$203 
Kunst Miller,United States,Massachusetts,12/2/2023,"$1,271 "
Matt Collins,United States,Illinois,12/2/2020,$2 
Max Engle,United States,Virginia,12/2/2023,$702 
Michael Dominguez,United States,Texas,12/2/2020,$115 
Michael Kennedy,United States,Florida,12/2/2023,$48 
Mike Kennedy,United States,California,12/2/2022,$100 
Muhammed Yedwab,United States,Texas,12/2/2022,$813 
Odella Nelson,United States,Maryland,12/2/2020,$463 
Pauline Webber,United States,Iowa,12/2/2022,$116 
Roy Phan,United States,Texas,12/2/2023,$12 
Susan Vittorini,United States,Arizona,12/2/2023,$68 
Victoria Wilson,United States,California,12/2/2023,$678 
Amy Hunt,United States,Texas,1/3/2021,"$1,758 "
Bill Overfelt,United States,Oklahoma,1/3/2022,"$1,605 "
Christine Abelman,United States,Texas,1/3/2022,$377 
Christopher Martinez,United States,California,1/3/2023,"$2,031 "
Darren Powers,United States,Texas,1/3/2020,$16 
Delfina Latchford,United States,California,1/3/2023,$39 
Lena Radford,United States,California,1/3/2022,$114 
Sylvia Foulston,United States,Texas,1/3/2021,$10 
Allen Armold,United States,Nebraska,2/3/2021,$178 
Frank Olsen,United States,Georgia,2/3/2021,$75 
Ken Heidel,United States,Utah,2/3/2021,$12 
Liz Carlisle,United States,Kentucky,2/3/2022,$866 
Matt Collins,United States,Ohio,2/3/2023,$291 
Pauline Webber,United States,New York,2/3/2021,$91 
Rick Wilson,United States,California,2/3/2021,$137 
Ross DeVincentis,United States,Illinois,2/3/2023,$512 
Shahid Collister,United States,Florida,2/3/2023,$119 
Tom Boeckenhauer,United States,Washington,2/3/2020,$97 
Alex Avila,United States,Texas,3/3/2022,"$4,406 "
Anne Pryor,United States,New York,3/3/2020,$161 
Ashley Jarboe,United States,North Carolina,3/3/2020,$19 
Bill Tyler,United States,California,3/3/2023,$400 
Brosina Hoffman,United States,Delaware,3/3/2022,"$1,094 "
Chris Cortes,United States,Texas,3/3/2022,$962 
Craig Carreira,United States,Indiana,3/3/2022,$135 
Ed Jacobs,United States,California,3/3/2023,"$1,220 "
Emily Phan,United States,Michigan,3/3/2023,$281 
Eva Jacobs,United States,California,3/3/2020,$626 
Jason Gross,United States,Texas,3/3/2022,$606 
Jill Stevenson,United States,Ohio,3/3/2020,$362 
Liz Preis,United States,Kentucky,3/3/2023,$73 
Richard Eichhorn,United States,Texas,3/3/2023,$27 
Sam Craven,United States,Texas,3/3/2020,$177 
Theresa Swint,United States,California,3/3/2022,$61 
Carlos Soltero,United States,Pennsylvania,4/3/2022,$100 
Katherine Hughes,United States,Pennsylvania,4/3/2023,$25 
Katrina Edelman,United States,California,4/3/2020,$233 
Steven Roelle,United States,Texas,4/3/2022,$10 
Sue Ann Reed,United States,Illinois,4/3/2023,$7 
Zuschuss Donatelli,United States,Indiana,4/3/2022,$331 
Bill Overfelt,United States,Pennsylvania,5/3/2023,$505 
Christy Brittain,United States,Illinois,5/3/2022,$56 
Darren Budd,United States,California,5/3/2023,$833 
Joni Sundaresam,United States,Wisconsin,5/3/2020,$22 
Julia Barnett,United States,California,5/3/2021,$666 
Lena Cacioppo,United States,California,5/3/2021,$461 
Mike Kennedy,United States,California,5/3/2023,$49 
Nathan Cano,United States,New York,5/3/2020,$51 
Nicole Fjeld,United States,California,5/3/2021,$14 
Stewart Visinsky,United States,Pennsylvania,5/3/2021,"$1,058 "
Susan MacKendrick,United States,Ohio,5/3/2022,"$1,043 "
Christine Phan,United States,California,June/3/2022,$71 
Giulietta Dortch,United States,Washington,June/3/2023,"$1,100 "
Heather Kirkland,United States,Tennessee,June/3/2023,$35 
Katherine Nockton,United States,New York,June/3/2023,$509 
Meg O'Connel,United States,Washington,June/3/2023,$136 
Nick Radford,United States,Florida,June/3/2023,"$1,112 "
Richard Eichhorn,United States,Illinois,June/3/2020,$210 
Ross Baird,United States,Michigan,June/3/2020,$15 
Saphhira Shifley,United States,California,June/3/2023,$61 
Steven Cartwright,United States,Washington,June/3/2020,$516 
Bruce Degenhardt,United States,Kentucky,July/3/2021,$366 
Christina Anderson,United States,New Mexico,July/3/2023,$546 
Chuck Sachs,United States,Georgia,July/3/2023,$312 
Dean Katz,United States,New York,July/3/2022,$707 
Deirdre Greer,United States,Pennsylvania,July/3/2021,$458 
Filia McAdams,United States,Pennsylvania,July/3/2022,$124 
Frank Hawley,United States,Texas,July/3/2023,$871 
Frank Merwin,United States,Massachusetts,July/3/2023,$283 
Guy Thornton,United States,California,July/3/2022,$17 
Jim Kriz,United States,Washington,July/3/2023,"$4,151 "
Maria Bertelson,United States,California,July/3/2023,$129 
Michael Oakman,United States,North Carolina,July/3/2023,$24 
Rob Dowd,United States,California,July/3/2023,$88 
Rob Dowd,United States,Texas,July/3/2023,$168 
Sam Zeldin,United States,Ohio,July/3/2023,$279 
Tony Sayre,United States,New Hampshire,July/3/2023,$102 
Yana Sorensen,United States,North Carolina,July/3/2023,$10 
Adrian Barton,United States,Illinois,8/3/2023,$40 
Alex Grayson,United States,Oklahoma,8/3/2022,$249 
Berenike Kampe,United States,New York,8/3/2020,$164 
Bruce Degenhardt,United States,California,8/3/2023,$176 
Bruce Stewart,United States,Colorado,8/3/2020,$221 
Charlotte Melton,United States,Illinois,8/3/2023,$183 
Gary Hansen,United States,Arizona,8/3/2020,$93 
George Ashbrook,United States,California,8/3/2023,$100 
Scot Coram,United States,Washington,8/3/2023,$16 
Ted Butterfield,United States,Ohio,8/3/2023,$17 
Aleksandra Gannaway,United States,California,9/3/2023,$6 
Allen Goldenen,United States,New York,9/3/2020,$14 
Ann Steele,United States,California,9/3/2021,$136 
Arthur Gainer,United States,Texas,9/3/2023,$108 
Arthur Prichep,United States,Florida,9/3/2023,$24 
Carlos Soltero,United States,Illinois,9/3/2022,$9 
Cathy Prescott,United States,Arizona,9/3/2021,$238 
Craig Yedwab,United States,Louisiana,9/3/2022,$87 
David Bremer,United States,California,9/3/2021,$179 
Emily Phan,United States,Illinois,9/3/2023,$43 
Filia McAdams,United States,Connecticut,9/3/2022,$48 
Herbert Flentye,United States,Maryland,9/3/2022,$431 
Jennifer Braxton,United States,Connecticut,9/3/2021,$238 
Jennifer Braxton,United States,New York,9/3/2021,$120 
Jennifer Jackson,United States,Wisconsin,9/3/2022,$55 
Joe Kamberova,United States,California,9/3/2023,$240 
John Huston,United States,Michigan,9/3/2021,$8 
Julie Creighton,United States,North Carolina,9/3/2021,$201 
Julie Kriz,United States,Illinois,9/3/2022,$84 
Katrina Bavinger,United States,New York,9/3/2023,$698 
Mathew Reese,United States,Texas,9/3/2020,$8 
Matt Hagelstein,United States,Ohio,9/3/2022,$31 
Mike Gockenbach,United States,Pennsylvania,9/3/2021,$755 
Muhammed Yedwab,United States,Illinois,9/3/2023,$110 
Paul Knutson,United States,Pennsylvania,9/3/2022,"$1,422 "
Rob Beeghly,United States,Illinois,9/3/2022,$199 
Sample Company A,United States,California,9/3/2023,$368 
Aaron Smayling,United States,California,10/3/2023,$171 
Allen Rosenblatt,United States,California,10/3/2020,$266 
Amy Cox,United States,Minnesota,10/3/2023,"$1,794 "
Beth Paige,United States,Illinois,10/3/2020,$258 
Bruce Stewart,United States,California,10/3/2021,$121 
Bryan Mills,United States,Ohio,10/3/2021,$140 
Chuck Clark,United States,New York,10/3/2023,$463 
Daniel Byrd,United States,California,10/3/2022,"$1,028 "
Denny Ordway,United States,Ohio,10/3/2020,$213 
Emily Burns,United States,New York,10/3/2022,$599 
Hunter Lopez,United States,New York,10/3/2023,$23 
Hunter Lopez,United States,Texas,10/3/2022,$16 
Laurel Workman,United States,Texas,10/3/2023,$21 
Mary Zewe,United States,Pennsylvania,10/3/2021,$15 
Patrick O'Brill,United States,Florida,10/3/2023,$33 
Russell D'Ascenzo,United States,Texas,10/3/2020,$58 
Sara Luxemburg,United States,North Carolina,10/3/2020,$68 
Tracy Poddar,United States,Texas,10/3/2022,$38 
Annie Thurman,United States,Tennessee,11/3/2020,$147 
Arthur Prichep,United States,Kentucky,11/3/2022,$904 
Beth Fritzler,United States,Florida,11/3/2023,$361 
Bruce Geld,United States,California,11/3/2023,$486 
Chris Selesnick,United States,Texas,11/3/2021,$7 
Clay Ludtke,United States,Iowa,11/3/2022,$103 
Clay Rozendal,United States,California,11/3/2023,"$1,873 "
Corinna Mitchell,United States,California,11/3/2021,"$1,345 "
Daniel Lacy,United States,Minnesota,11/3/2023,$76 
Darrin Martin,United States,Pennsylvania,11/3/2023,$12 
Dave Kipp,United States,Florida,11/3/2023,"$1,031 "
Denise Leinenbach,United States,New Mexico,11/3/2023,$41 
Denise Monton,United States,New Jersey,11/3/2020,$6 
Don Jones,United States,Tennessee,11/3/2023,$16 
Eva Jacobs,United States,Washington,11/3/2023,$44 
Fred Hopkins,United States,New York,11/3/2021,"$1,449 "
Jack O'Briant,United States,Washington,11/3/2023,$18 
Julie Creighton,United States,Georgia,11/3/2023,$12 
Julie Prescott,United States,Pennsylvania,11/3/2022,$542 
Justin MacKendrick,United States,North Carolina,11/3/2023,$16 
Kimberly Carter,United States,Washington,11/3/2023,$447 
Maxwell Schwartz,United States,Pennsylvania,11/3/2020,$286 
Natalie Webber,United States,Oregon,11/3/2022,$184 
Patrick Jones,United States,Kentucky,11/3/2023,$26 
Patrick Jones,United States,Texas,11/3/2022,$9 
Paul Gonzalez,United States,California,11/3/2023,$36 
Peter Bühler,United States,Pennsylvania,11/3/2023,$41 
Phillip Flathmann,United States,California,11/3/2022,"$1,490 "
Resi Pölking,United States,Connecticut,11/3/2020,$12 
Sarah Foster,United States,Washington,11/3/2022,$9 
Shahid Hopkins,United States,North Carolina,11/3/2020,"$1,396 "
Speros Goranitis,United States,New York,11/3/2020,$841 
Stephanie Phelps,United States,Nebraska,11/3/2020,$90 
Tracy Collins,United States,California,11/3/2020,$7 
Xylona Preis,United States,California,11/3/2022,$562 
Alejandro Ballentine,United States,Pennsylvania,12/3/2021,$53 
Bill Stewart,United States,New York,12/3/2021,$590 
Caroline Jumper,United States,Pennsylvania,12/3/2022,$413 
Chuck Sachs,United States,New York,12/3/2023,$239 
Clay Cheatham,United States,Texas,12/3/2023,$10 
Corinna Mitchell,United States,Washington,12/3/2023,$522 
Dean Katz,United States,Pennsylvania,12/3/2021,$485 
Emily Grady,United States,New York,12/3/2022,"$1,165 "
Gary McGarr,United States,California,12/3/2022,$773 
Harold Pawlan,United States,New Hampshire,12/3/2021,$185 
Jack Garza,United States,North Carolina,12/3/2021,$289 
Lena Cacioppo,United States,Colorado,12/3/2023,$306 
Mark Packer,United States,New York,12/3/2021,$11 
Mark Van Huff,United States,Texas,12/3/2023,$14 
Matt Collins,United States,North Carolina,12/3/2023,$98 
Matthew Clasen,United States,Missouri,12/3/2020,$26 
Michael Moore,United States,Indiana,12/3/2022,$612 
Natalie DeCherney,United States,Florida,12/3/2023,$48 
Nathan Gelder,United States,Oklahoma,12/3/2020,$480 
Neoma Murray,United States,California,12/3/2022,"$1,762 "
Pierre Wener,United States,California,12/3/2021,$359 
Roger Demir,United States,California,12/3/2022,$545 
Toby Carlisle,United States,California,12/3/2023,$166 
Andrew Gjertsen,United States,Virginia,1/4/2021,$192 
Ben Peterman,United States,Pennsylvania,1/4/2022,$109 
Chris Selesnick,United States,Minnesota,1/4/2021,$72 
Erica Bern,United States,North Carolina,1/4/2022,$960 
Phillina Ober,United States,Illinois,1/4/2020,$288 
Deborah Brumfield,United States,California,2/4/2020,$117 
Jay Fein,United States,New York,2/4/2023,$33 
Jennifer Braxton,United States,California,2/4/2022,$93 
Maribeth Schnelling,United States,Maryland,2/4/2022,$90 
Mark Haberlin,United States,California,2/4/2020,$17 
Tracy Blumstein,United States,Arizona,2/4/2022,$14 
Clay Ludtke,United States,South Carolina,3/4/2020,$355 
Darren Powers,United States,Texas,3/4/2023,$90 
Eleni McCrary,United States,New Hampshire,3/4/2022,$160 
Michael Granlund,United States,California,3/4/2022,$17 
Randy Ferguson,United States,Florida,3/4/2022,$10 
Rick Duston,United States,Indiana,3/4/2022,$128 
Sanjit Chand,United States,Florida,3/4/2020,$16 
Sung Pak,United States,California,3/4/2023,$25 
Tonja Turnell,United States,Texas,3/4/2023,$115 
Anne McFarland,United States,Illinois,4/4/2023,$384 
Becky Castell,United States,New York,4/4/2022,$204 
Darrin Sayre,United States,New York,4/4/2023,$401 
Evan Henry,United States,New York,4/4/2022,$589 
Ken Black,United States,Louisiana,4/4/2020,$365 
Maria Etezadi,United States,Virginia,4/4/2022,$178 
Mary Zewe,United States,California,4/4/2020,$7 
Maurice Satty,United States,Michigan,4/4/2020,$85 
Nat Carroll,United States,Michigan,4/4/2021,"$1,274 "
Nicole Fjeld,United States,New York,4/4/2021,$211 
Paul Knutson,United States,California,4/4/2020,$19 
Penelope Sewall,United States,New York,4/4/2023,$17 
Tom Ashbrook,United States,New York,4/4/2023,$7 
Alan Schoenberger,United States,New York,5/4/2021,$27 
Andrew Allen,United States,Connecticut,5/4/2020,$27 
Anna Häberlin,United States,Texas,5/4/2021,$946 
Bill Shonely,United States,Washington,5/4/2020,$70 
Chris Cortes,United States,California,5/4/2023,$243 
Laura Armstrong,United States,Illinois,5/4/2021,$22 
Lindsay Williams,United States,California,5/4/2023,$502 
Mike Kennedy,United States,Virginia,5/4/2023,$630 
Muhammed Yedwab,United States,Pennsylvania,5/4/2023,$12 
Nat Carroll,United States,Texas,5/4/2020,$43 
Paul MacIntyre,United States,Michigan,5/4/2020,$47 
Shahid Hopkins,United States,Ohio,5/4/2023,$2 
Stuart Van,United States,Indiana,5/4/2021,$126 
Becky Pak,United States,California,June/4/2021,"$1,110 "
Bobby Trafton,United States,New York,June/4/2020,$440 
Carol Triggs,United States,Minnesota,June/4/2023,$9 
Dan Campbell,United States,Alabama,June/4/2023,$12 
Edward Nazzal,United States,New York,June/4/2022,"$1,563 "
Erica Hernandez,United States,Arkansas,June/4/2023,$118 
Erin Mull,United States,Texas,June/4/2023,$30 
Karen Daniels,United States,Virginia,June/4/2022,$76 
Ken Lonsdale,United States,Illinois,June/4/2022,$678 
Lauren Leatherbury,United States,Washington,June/4/2021,$17 
Lindsay Williams,United States,North Carolina,June/4/2023,$104 
Mark Packer,United States,Ohio,June/4/2020,$16 
Michelle Lonsdale,United States,Texas,June/4/2023,$6 
Tracy Collins,United States,New York,June/4/2021,$66 
Alan Dominguez,United States,New York,July/4/2021,$15 
Anna Andreadi,United States,California,July/4/2022,"$1,376 "
Irene Maddox,United States,Wisconsin,July/4/2021,"$1,100 "
Julie Prescott,United States,California,July/4/2021,$23 
Katrina Edelman,United States,Colorado,July/4/2020,$210 
Maxwell Schwartz,United States,Virginia,July/4/2020,$37 
Rick Bensley,United States,Washington,July/4/2022,$275 
Harry Marie,United States,Colorado,8/4/2023,$17 
Harry Marie,United States,Texas,8/4/2023,$3 
Linda Cazamias,United States,California,8/4/2022,$335 
Marina Lichtenstein,United States,Maine,8/4/2020,$617 
Max Ludwig,United States,Virginia,8/4/2022,$159 
Ralph Arnett,United States,Illinois,8/4/2022,$4 
Valerie Dominguez,United States,Utah,8/4/2020,"$2,126 "
Aaron Smayling,United States,Oregon,9/4/2023,$88 
Aimee Bixby,United States,New York,9/4/2023,$92 
Anna Andreadi,United States,Kentucky,9/4/2022,$292 
Christina VanderZanden,United States,New York,9/4/2022,$147 
Christine Sundaresam,United States,Georgia,9/4/2021,$919 
Cynthia Voltz,United States,California,9/4/2023,$12 
David Smith,United States,Texas,9/4/2021,$134 
Delfina Latchford,United States,Tennessee,9/4/2022,$131 
Doug O'Connell,United States,Florida,9/4/2023,$108 
Eva Jacobs,United States,California,9/4/2023,$421 
Greg Maxwell,United States,California,9/4/2023,"$1,322 "
Helen Wasserman,United States,Illinois,9/4/2023,$850 
Ionia McGrath,United States,California,9/4/2022,"$2,824 "
Ivan Liston,United States,Texas,9/4/2022,$66 
Jeremy Pistek,United States,Arkansas,9/4/2022,$240 
John Dryer,United States,Texas,9/4/2023,$40 
Julie Kriz,United States,Texas,9/4/2023,$30 
Katrina Bavinger,United States,California,9/4/2023,$56 
Ken Black,United States,Oregon,9/4/2021,$10 
Maribeth Dona,United States,Ohio,9/4/2023,$50 
Michael Moore,United States,Pennsylvania,9/4/2023,$19 
Mick Brown,United States,Missouri,9/4/2022,$297 
Pete Kriz,United States,California,9/4/2023,"$1,492 "
Ralph Arnett,United States,California,9/4/2023,$711 
Roy Phan,United States,Minnesota,9/4/2022,$535 
Shaun Chance,United States,Pennsylvania,9/4/2021,$8 
Tiffany House,United States,California,9/4/2023,$54 
Vivian Mathis,United States,New Hampshire,9/4/2023,$15 
Alex Avila,United States,California,10/4/2021,$27 
Anna Häberlin,United States,Florida,10/4/2022,$64 
Chris Cortes,United States,New York,10/4/2020,$589 
Daniel Raglin,United States,Rhode Island,10/4/2022,"$5,549 "
David Flashing,United States,California,10/4/2020,$110 
Denny Joy,United States,Georgia,10/4/2021,$393 
Joy Daniels,United States,Washington,10/4/2020,$29 
Julie Kriz,United States,Pennsylvania,10/4/2021,$86 
Mary O'Rourke,United States,Texas,10/4/2022,$60 
Melanie Seite,United States,Maryland,10/4/2022,$239 
Paul Stevenson,United States,Maryland,10/4/2023,$20 
Alejandro Savely,United States,Washington,11/4/2022,$210 
Carl Weiss,United States,California,11/4/2022,$51 
Christina Anderson,United States,Tennessee,11/4/2023,$248 
Cindy Chapman,United States,California,11/4/2022,$686 
Elpida Rittenbach,United States,North Carolina,11/4/2022,"$1,107 "
Frank Merwin,United States,Texas,11/4/2023,$66 
Grant Thornton,United States,North Carolina,11/4/2023,"$8,167 "
Henry Goldwyn,United States,Ohio,11/4/2023,$265 
James Lanier,United States,Tennessee,11/4/2023,$10 
Katherine Murray,United States,Arkansas,11/4/2023,$4 
Kelly Lampkin,United States,North Carolina,11/4/2023,"$1,884 "
Lisa Hazard,United States,California,11/4/2022,$38 
MaryBeth Skach,United States,California,11/4/2020,$35 
Maureen Fritzler,United States,Florida,11/4/2022,$50 
Nathan Mautz,United States,New York,11/4/2020,"$4,807 "
Odella Nelson,United States,North Carolina,11/4/2020,$67 
Roy Collins,United States,Kentucky,11/4/2022,$11 
Sally Matthias,United States,Texas,11/4/2022,$77 
Sam Zeldin,United States,New York,11/4/2020,$52 
Sam Zeldin,United States,Texas,11/4/2023,$24 
Thomas Thornton,United States,California,11/4/2022,$193 
Tiffany House,United States,California,11/4/2020,$3 
Tracy Poddar,United States,Oregon,11/4/2022,"$1,465 "
William Brown,United States,California,11/4/2020,"$1,729 "
Tracy Zic,Canada,British Columbia,12/4/2020,$42 
Tracy Zic,Canada,British Columbia,12/4/2022,$42 
Tracy Zic,Canada,British Columbia,12/4/2023,$42 
Tracy Zic,Canada,British Columbia,12/4/2021,$402 
Becky Martin,United States,New York,12/4/2022,$611 
Cathy Prescott,United States,New York,12/4/2020,$130 
Charles McCrossin,United States,Pennsylvania,12/4/2023,$5 
Chris Selesnick,United States,California,12/4/2023,$12 
Christy Brittain,United States,Illinois,12/4/2023,$62 
Darrin Van Huff,United States,Pennsylvania,12/4/2023,$189 
Doug O'Connell,United States,New Jersey,12/4/2023,$498 
Ellis Ballard,United States,New York,12/4/2022,$213 
Harry Marie,United States,California,12/4/2021,$418 
Katrina Edelman,United States,Pennsylvania,12/4/2023,$11 
Kean Takahito,United States,California,12/4/2022,$105 
Larry Tron,United States,Ohio,12/4/2023,$74 
Lena Radford,United States,Tennessee,12/4/2023,$649 
Liz MacKendrick,United States,New York,12/4/2022,$16 
Maribeth Schnelling,United States,New York,12/4/2021,"$2,202 "
Michael Stewart,United States,Missouri,12/4/2021,$86 
Michael Stewart,United States,Pennsylvania,12/4/2023,$588 
Ritsa Hightower,United States,Florida,12/4/2021,$8 
Rose O'Brian,United States,Tennessee,12/4/2021,"$1,635 "
Sean O'Donnell,United States,New York,12/4/2021,$795 
Theone Pippenger,United States,Minnesota,12/4/2023,$552 
Tracy Zic,United States,California,12/4/2021,$42 
Anthony Johnson,United States,Florida,1/5/2022,$256 
Brooke Gillingham,United States,New York,1/5/2021,$90 
James Lanier,United States,California,1/5/2021,$144 
Mick Brown,United States,Pennsylvania,1/5/2020,$20 
Steven Roelle,United States,Washington,1/5/2021,$62 
Annie Zypern,United States,California,2/5/2022,$919 
Cassandra Brandow,United States,Texas,2/5/2023,$251 
Fred Chung,United States,California,2/5/2023,"$2,012 "
Paul Prost,United States,Georgia,2/5/2022,"$2,076 "
Aimee Bixby,United States,New York,3/5/2020,$706 
Alan Haines,United States,Pennsylvania,3/5/2021,$133 
Claudia Bergmann,United States,Mississippi,3/5/2023,$839 
Jennifer Jackson,United States,Illinois,3/5/2021,$7 
Julia Dunbar,United States,Minnesota,3/5/2023,$376 
Katherine Nockton,United States,Pennsylvania,3/5/2021,$479 
Luke Foster,United States,New York,3/5/2021,$976 
Maribeth Schnelling,United States,Illinois,3/5/2021,$257 
Mike Vittorini,United States,Texas,3/5/2021,$32 
Pete Kriz,United States,Wisconsin,3/5/2023,$25 
Rob Williams,United States,Texas,3/5/2022,$162 
Sarah Foster,United States,Indiana,3/5/2021,$85 
Carol Adams,United States,California,4/5/2021,$892 
Gary Mitchum,United States,Texas,4/5/2022,$158 
Greg Guthrie,United States,Tennessee,4/5/2021,$158 
Greg Maxwell,United States,Virginia,4/5/2020,"$4,252 "
Jennifer Ferguson,United States,Washington,4/5/2021,$264 
John Grady,United States,Illinois,4/5/2020,$102 
Justin Hirsh,United States,Pennsylvania,4/5/2022,$888 
Roy Phan,United States,Kentucky,4/5/2020,$115 
Ruben Dartt,United States,Michigan,4/5/2020,$771 
Ted Trevino,United States,Pennsylvania,4/5/2021,$24 
Tracy Hopkins,United States,New York,4/5/2020,$55 
Valerie Takahito,United States,Pennsylvania,4/5/2021,"$1,636 "
Frank Gastineau,Canada,Quebec,5/5/2023,$6 
Amy Hunt,United States,California,5/5/2022,$71 
Arianne Irving,United States,New York,5/5/2023,$7 
Barry Franz,United States,California,5/5/2022,$252 
Darren Koutras,United States,California,5/5/2023,$23 
Darrin Martin,United States,California,5/5/2022,$305 
Emily Burns,United States,Texas,5/5/2020,$128 
Giulietta Dortch,United States,Virginia,5/5/2020,$47 
Katharine Harms,United States,Illinois,5/5/2020,$45 
Lindsay Williams,United States,Nevada,5/5/2022,"$1,692 "
Lisa Hazard,United States,Colorado,5/5/2023,$121 
Natalie DeCherney,United States,Kentucky,5/5/2022,$79 
Patrick Jones,United States,Tennessee,5/5/2022,$14 
Peter Fuller,United States,Kentucky,5/5/2020,$41 
Rick Bensley,United States,Florida,5/5/2022,$271 
Yana Sorensen,United States,Georgia,5/5/2023,$35 
Zuschuss Donatelli,United States,Tennessee,5/5/2022,$17 
Adrian Barton,United States,Texas,June/5/2023,$470 
Brenda Bowman,United States,Missouri,June/5/2021,$11 
Chloris Kastensmidt,United States,California,June/5/2022,$80 
Edward Becker,United States,New York,June/5/2021,"$1,523 "
Janet Lee,United States,Delaware,June/5/2022,$386 
Joni Sundaresam,United States,Pennsylvania,June/5/2022,$132 
Ken Brennan,United States,Washington,June/5/2022,$61 
Noel Staavos,United States,Florida,June/5/2023,$21 
Barbara Fisher,United States,North Carolina,July/5/2021,$12 
Damala Kotsonis,United States,Nebraska,July/5/2023,$80 
Dan Campbell,United States,Texas,July/5/2020,$502 
David Wiener,United States,Tennessee,July/5/2020,$4 
Dennis Pardue,United States,California,July/5/2020,$181 
Don Miller,United States,Florida,July/5/2020,$243 
Linda Southworth,United States,Texas,July/5/2023,$396 
Michael Chen,United States,Mississippi,July/5/2020,$514 
Mitch Webber,United States,Pennsylvania,July/5/2021,$74 
Roland Schwarz,United States,North Carolina,July/5/2021,$17 
Victor Preis,United States,Michigan,July/5/2021,$19 
Anna Häberlin,United States,Texas,8/5/2021,$73 
Chad Sievert,United States,California,8/5/2020,$472 
Gary Zandusky,United States,Texas,8/5/2020,$489 
Maureen Fritzler,United States,Alabama,8/5/2022,$197 
Nick Zandusky,United States,Texas,8/5/2023,$151 
Patrick O'Donnell,United States,Indiana,8/5/2023,$339 
Pauline Webber,United States,Kentucky,8/5/2023,$14 
Ricardo Sperren,United States,Connecticut,8/5/2020,"$1,217 "
Sonia Sunley,United States,California,8/5/2020,$78 
Stephanie Phelps,United States,New York,8/5/2020,$152 
Anthony Rawles,United States,Texas,9/5/2022,$348 
Arthur Gainer,United States,California,9/5/2021,$733 
Brad Eason,United States,Kansas,9/5/2022,$108 
Cathy Armstrong,United States,Texas,9/5/2021,$90 
Christopher Schild,United States,Washington,9/5/2023,$3 
Darrin Martin,United States,Tennessee,9/5/2022,$229 
Dean Braden,United States,Pennsylvania,9/5/2022,"$1,025 "
Don Miller,United States,Texas,9/5/2022,$52 
Elizabeth Moffitt,United States,Texas,9/5/2022,$21 
Fred Wasserman,United States,New York,9/5/2022,$44 
Gary Hansen,United States,Texas,9/5/2022,$91 
Jasper Cacioppo,United States,Pennsylvania,9/5/2022,$10 
Jonathan Doherty,United States,Pennsylvania,9/5/2022,$83 
Joseph Holt,United States,California,9/5/2022,$112 
Liz Preis,United States,Tennessee,9/5/2023,$177 
Maribeth Dona,United States,Ohio,9/5/2022,$103 
Marina Lichtenstein,United States,California,9/5/2022,$116 
Mark Van Huff,United States,New York,9/5/2022,$192 
Michael Grace,United States,Florida,9/5/2023,$147 
Michael Moore,United States,Virginia,9/5/2022,"$1,678 "
Nora Preis,United States,Ohio,9/5/2020,$264 
Patrick Ryan,United States,Florida,9/5/2020,$32 
Pete Kriz,United States,Michigan,9/5/2022,$634 
Pete Takahito,United States,Texas,9/5/2022,$93 
Stephanie Ulpright,United States,Illinois,9/5/2022,$9 
Sung Pak,United States,Minnesota,9/5/2021,$43 
Tamara Willingham,United States,Virginia,9/5/2021,$68 
Toby Ritter,United States,Iowa,9/5/2022,$278 
Greg Guthrie,Canada,Alberta,10/5/2020,$753 
Greg Guthrie,Canada,Alberta,10/5/2023,"$5,607 "
Brian Derr,United States,Ohio,10/5/2020,$92 
Greg Guthrie,United States,California,10/5/2023,$753 
Ivan Liston,United States,Ohio,10/5/2021,$288 
Jeremy Farry,United States,Oregon,10/5/2021,$357 
Joel Jenkins,United States,Virginia,10/5/2021,$75 
Keith Herrera,United States,California,10/5/2020,$100 
Maria Bertelson,United States,Ohio,10/5/2021,$53 
Mike Pelletier,United States,California,10/5/2023,$122 
Phillina Ober,United States,New York,10/5/2023,$237 
Ross Baird,United States,Colorado,10/5/2023,$64 
Sylvia Foulston,United States,Delaware,10/5/2021,$78 
Todd Sumrall,United States,New York,10/5/2023,"$5,509 "
Adam Bellavance,United States,Indiana,11/5/2023,$240 
Alan Haines,United States,Illinois,11/5/2023,$16 
Alejandro Savely,United States,Pennsylvania,11/5/2022,$24 
Anna Andreadi,United States,California,11/5/2023,$13 
Barry Gonzalez,United States,Virginia,11/5/2020,$150 
Christina DeMoss,United States,New York,11/5/2023,$796 
Christopher Schild,United States,California,11/5/2022,$29 
Christy Brittain,United States,Ohio,11/5/2021,$34 
Deanra Eno,United States,California,11/5/2020,$20 
Elizabeth Moffitt,United States,Texas,11/5/2023,$493 
Emily Phan,United States,Texas,11/5/2022,"$2,008 "
Evan Bailliet,United States,Texas,11/5/2022,$12 
George Bell,United States,North Carolina,11/5/2021,$207 
Grant Thornton,United States,New York,11/5/2021,$25 
Joseph Holt,United States,California,11/5/2022,$53 
Justin MacKendrick,United States,California,11/5/2021,$63 
Ken Lonsdale,United States,Washington,11/5/2021,$98 
Liz Willingham,United States,Virginia,11/5/2022,"$1,121 "
Logan Haushalter,United States,California,11/5/2022,$344 
Maribeth Dona,United States,Pennsylvania,11/5/2020,"$1,477 "
Michelle Arnett,United States,Indiana,11/5/2022,$196 
Nathan Gelder,United States,Illinois,11/5/2021,$20 
Nora Preis,United States,Washington,11/5/2022,$480 
Ruben Ausman,United States,New Mexico,11/5/2023,$160 
Steven Roelle,United States,Virginia,11/5/2020,$48 
Susan Vittorini,United States,New York,11/5/2023,$391 
Troy Staebel,United States,Arizona,11/5/2023,$246 
Valerie Dominguez,United States,Florida,11/5/2021,$387 
Alan Barnes,United States,Washington,12/5/2023,$40 
Aleksandra Gannaway,United States,Massachusetts,12/5/2022,$82 
Bart Folk,United States,New York,12/5/2023,$33 
Brendan Sweed,United States,Arizona,12/5/2020,"$1,281 "
Brian Derr,United States,New York,12/5/2021,$420 
Carlos Soltero,United States,New York,12/5/2023,$51 
David Kendrick,United States,Illinois,12/5/2020,$434 
Erin Ashbrook,United States,Ohio,12/5/2020,$362 
George Bell,United States,California,12/5/2021,$52 
Harold Engle,United States,Delaware,12/5/2022,$128 
Irene Maddox,United States,Washington,12/5/2022,$408 
James Galang,United States,Kentucky,12/5/2022,$192 
James Galang,United States,New York,12/5/2022,$465 
Joni Blumstein,United States,California,12/5/2020,$250 
Justin Ellison,United States,Wisconsin,12/5/2022,"$2,658 "
Matt Hagelstein,United States,California,12/5/2021,$44 
Mike Pelletier,United States,Illinois,12/5/2022,$4 
Naresj Patel,United States,California,12/5/2023,$93 
Nona Balk,United States,Pennsylvania,12/5/2020,$521 
Patrick Bzostek,United States,Washington,12/5/2023,$497 
Quincy Jones,United States,Vermont,12/5/2023,$205 
Randy Ferguson,United States,Illinois,12/5/2022,$12 
Rick Reed,United States,Tennessee,12/5/2021,$97 
Rob Beeghly,United States,Indiana,12/5/2023,$200 
Rob Lucas,United States,California,12/5/2020,$91 
Roy Collins,United States,Virginia,12/5/2020,$25 
Sandra Flanagan,United States,Texas,12/5/2021,$45 
Scot Wooten,United States,Pennsylvania,12/5/2021,$74 
Stephanie Ulpright,United States,Michigan,12/5/2021,$153 
Suzanne McNair,United States,New York,12/5/2023,$335 
Theone Pippenger,United States,Kentucky,12/5/2022,"$1,285 "
Tim Brockman,United States,Illinois,12/5/2021,$12 
Tony Chapman,United States,District of Columbia,12/5/2022,$34 
Dennis Pardue,United States,Alabama,1/6/2023,$34 
Jack O'Briant,United States,Georgia,1/6/2020,$13 
Lycoris Saunders,United States,California,1/6/2020,$19 
Maria Etezadi,United States,Kentucky,1/6/2020,"$4,375 "
Stefania Perrino,United States,Colorado,1/6/2021,$32 
Bryan Davis,United States,New York,2/6/2023,$241 
Delfina Latchford,United States,Illinois,2/6/2020,$9 
Ivan Liston,United States,Delaware,2/6/2021,"$1,558 "
Karen Bern,United States,Tennessee,2/6/2022,$132 
Lori Olson,United States,Virginia,2/6/2021,$177 
Mark Van Huff,United States,Virginia,2/6/2023,$360 
Neil Ducich,United States,Virginia,2/6/2020,$322 
Sibella Parks,United States,New York,2/6/2023,$274 
Skye Norling,United States,California,2/6/2023,$30 
Trudy Schmidt,United States,Texas,2/6/2021,$692 
Victoria Wilson,United States,Washington,2/6/2021,$5 
Ben Ferrer,United States,California,3/6/2023,$15 
Don Weiss,United States,Texas,3/6/2023,$68 
Frank Carlisle,United States,California,3/6/2023,$529 
John Lucas,United States,California,3/6/2021,"$1,555 "
Julia Barnett,United States,Pennsylvania,3/6/2022,$502 
Lena Cacioppo,United States,Illinois,3/6/2022,$309 
Roland Murray,United States,New York,3/6/2023,$98 
Sally Hughsby,United States,California,3/6/2023,$68 
Andy Yotov,United States,California,4/6/2020,$200 
Charles Sheldon,United States,Tennessee,4/6/2023,$8 
Frank Hawley,United States,California,4/6/2020,$436 
Guy Phonely,United States,Pennsylvania,4/6/2020,$45 
Mark Hamilton,United States,North Carolina,4/6/2021,$48 
Max Ludwig,United States,Iowa,4/6/2023,$106 
Scott Cohen,United States,Washington,4/6/2020,$687 
Shirley Daniels,United States,Pennsylvania,4/6/2020,$282 
Thomas Thornton,United States,Texas,4/6/2021,$92 
Valerie Mitchum,United States,Vermont,4/6/2022,"$1,295 "
Art Ferguson,United States,Illinois,5/6/2022,$29 
Brad Eason,United States,Missouri,5/6/2022,$54 
Brad Eason,United States,Ohio,5/6/2022,$111 
Dorothy Badders,United States,Texas,5/6/2023,"$1,407 "
Doug Bickford,United States,Arizona,5/6/2023,$84 
Gary Zandusky,United States,Virginia,5/6/2023,$55 
Gene McClure,United States,California,5/6/2022,$42 
Harold Pawlan,United States,California,5/6/2020,$141 
Jeremy Farry,United States,Illinois,5/6/2023,$192 
Max Ludwig,United States,Illinois,5/6/2023,$415 
Mick Brown,United States,North Carolina,5/6/2023,$818 
Steve Nguyen,United States,California,5/6/2020,$114 
Toby Carlisle,United States,New York,5/6/2023,$59 
Trudy Schmidt,United States,California,5/6/2023,$153 
Bryan Mills,United States,New York,June/6/2020,$13 
Clytie Kelty,United States,Arkansas,June/6/2022,$679 
Dave Brooks,United States,Massachusetts,June/6/2022,$714 
Gary Hansen,United States,California,June/6/2023,$31 
Grant Thornton,United States,New York,June/6/2020,"$1,158 "
Liz Preis,United States,Ohio,June/6/2022,$549 
Maria Etezadi,United States,California,June/6/2022,"$3,528 "
Ross Baird,United States,California,June/6/2022,$122 
Roy Collins,United States,Illinois,June/6/2022,$328 
Sarah Bern,United States,Illinois,June/6/2020,$39 
Scot Coram,United States,Massachusetts,June/6/2022,$106 
Stewart Visinsky,United States,Florida,June/6/2020,$63 
Valerie Takahito,United States,Texas,June/6/2020,$100 
Angele Hood,United States,Florida,July/6/2023,$239 
Barbara Fisher,United States,New Jersey,July/6/2021,$11 
Becky Castell,United States,California,July/6/2020,$478 
Emily Phan,United States,New York,July/6/2020,$560 
Fred Hopkins,United States,Pennsylvania,July/6/2023,$19 
Kalyca Meade,United States,New York,July/6/2021,$896 
Patrick O'Brill,United States,California,July/6/2023,$122 
Paul Prost,United States,Massachusetts,July/6/2021,$302 
Sarah Jordon,United States,California,July/6/2021,$170 
Anna Häberlin,United States,New York,8/6/2022,$71 
Gary Mitchum,United States,New Hampshire,8/6/2023,"$1,077 "
Liz MacKendrick,United States,New York,8/6/2022,$38 
Michael Stewart,United States,Texas,8/6/2021,$27 
Rachel Payne,United States,Texas,8/6/2021,$468 
Roland Fjeld,United States,South Carolina,8/6/2020,$63 
Seth Vernon,United States,Louisiana,8/6/2023,$161 
Shahid Hopkins,United States,New York,8/6/2023,$70 
Todd Boyes,United States,Texas,8/6/2023,$115 
Trudy Brown,United States,New York,8/6/2020,$200 
Vivek Gonzalez,United States,California,8/6/2022,$211 
Alyssa Tate,United States,Florida,9/6/2021,$3 
Andy Gerbode,United States,Virginia,9/6/2021,$47 
Beth Thompson,United States,Washington,9/6/2021,$198 
Brendan Sweed,United States,New York,9/6/2021,$346 
Bruce Geld,United States,Texas,9/6/2022,$11 
Chuck Clark,United States,New York,9/6/2021,$272 
Cyma Kinney,United States,Tennessee,9/6/2021,$7 
Elpida Rittenbach,United States,Minnesota,9/6/2022,$78 
Karl Braun,United States,North Carolina,9/6/2022,$99 
Lori Olson,United States,California,9/6/2021,$46 
Mary O'Rourke,United States,New York,9/6/2022,$754 
Shaun Weien,United States,Louisiana,9/6/2021,$86 
Victoria Pisteka,United States,California,9/6/2020,$100 
Yoseph Carroll,United States,Texas,9/6/2022,$372 
Alice McCarthy,United States,Nebraska,10/6/2020,$15 
Ashley Jarboe,United States,Arizona,10/6/2023,$9 
Cyra Reiten,United States,New York,10/6/2023,$682 
Jonathan Howell,United States,Oklahoma,10/6/2022,$29 
Joy Daniels,United States,Pennsylvania,10/6/2020,$84 
Laurel Beltran,United States,Colorado,10/6/2022,$802 
Mark Hamilton,United States,Illinois,10/6/2023,$309 
Muhammed MacIntyre,United States,New York,10/6/2023,$41 
Nick Zandusky,United States,Idaho,10/6/2023,$308 
Victoria Pisteka,United States,Indiana,10/6/2020,$386 
Xylona Preis,United States,California,10/6/2020,$9 
Xylona Preis,United States,New Jersey,10/6/2023,$150 
Adam Bellavance,United States,Washington,11/6/2023,"$2,595 "
Carol Darley,United States,New York,11/6/2023,$319 
Christopher Conant,United States,Texas,11/6/2023,$1 
Chuck Clark,United States,Minnesota,11/6/2023,$40 
Frank Merwin,United States,California,11/6/2023,$190 
George Ashbrook,United States,Georgia,11/6/2020,$44 
Harry Greene,United States,Texas,11/6/2023,$18 
Irene Maddox,United States,California,11/6/2022,$85 
Jill Fjeld,United States,North Carolina,11/6/2023,$831 
Kelly Lampkin,United States,Florida,11/6/2022,$368 
Lindsay Shagiari,United States,California,11/6/2022,$320 
Liz Carlisle,United States,Texas,11/6/2023,$31 
Maris LaWare,United States,Pennsylvania,11/6/2023,$175 
Meg Tillman,United States,Arizona,11/6/2021,$11 
Roger Barcio,United States,Oregon,11/6/2023,$6 
Valerie Mitchum,United States,New Jersey,11/6/2023,$46 
Victoria Brennan,United States,Kentucky,11/6/2023,$6 
Zuschuss Carroll,United States,California,11/6/2023,$30 
Anne Pryor,United States,California,12/6/2022,"$1,018 "
Art Ferguson,United States,California,12/6/2021,$8 
Barry Gonzalez,United States,Tennessee,12/6/2020,$42 
Berenike Kampe,United States,Illinois,12/6/2020,$315 
Brad Norvell,United States,California,12/6/2023,$11 
Dave Poirier,United States,New York,12/6/2022,"$1,671 "
David Bremer,United States,California,12/6/2021,$9 
Dennis Kane,United States,Ohio,12/6/2021,$594 
Gary Hwang,United States,Arizona,12/6/2021,$758 
Greg Guthrie,United States,California,12/6/2022,$19 
Greg Tran,United States,Washington,12/6/2022,"$1,169 "
Ivan Liston,United States,Nevada,12/6/2021,"$1,347 "
Katherine Murray,United States,California,12/6/2021,$33 
Katrina Willman,United States,Texas,12/6/2021,$3 
Luke Foster,United States,Texas,12/6/2020,$24 
Mike Pelletier,United States,Ohio,12/6/2021,$15 
Naresj Patel,United States,California,12/6/2021,$339 
Nora Pelletier,United States,Indiana,12/6/2021,"$1,000 "
Roland Schwarz,United States,California,12/6/2020,"$1,261 "
Rose O'Brian,United States,Virginia,12/6/2021,$174 
Ryan Crowe,United States,Oregon,12/6/2020,$329 
Speros Goranitis,United States,New York,12/6/2021,"$1,782 "
Bart Watters,United States,Michigan,1/7/2023,"$3,060 "
Dianna Wilson,United States,California,1/7/2022,$35 
Jamie Frazer,United States,California,1/7/2023,$333 
Neoma Murray,United States,Texas,1/7/2022,$49 
Thais Sissman,United States,Florida,1/7/2023,$3 
Vivek Sundaresam,United States,Texas,1/7/2020,$87 
Bobby Elias,United States,Ohio,2/7/2022,$30 
Chris Selesnick,United States,New York,2/7/2020,$65 
Christina Anderson,United States,Virginia,2/7/2022,$108 
Cyma Kinney,United States,New Jersey,2/7/2020,$115 
Damala Kotsonis,United States,Virginia,2/7/2021,$324 
Erica Bern,United States,California,2/7/2022,$624 
Aaron Bergman,United States,Washington,3/7/2020,$310 
Craig Molinari,United States,Washington,3/7/2020,"$1,144 "
Ed Braxton,United States,Texas,3/7/2022,$21 
Eugene Moren,United States,Delaware,3/7/2021,$808 
Michael Granlund,United States,Maryland,3/7/2023,$49 
Nora Pelletier,United States,Washington,3/7/2020,$108 
Shahid Hopkins,United States,New York,3/7/2023,$118 
Alan Shonely,United States,Pennsylvania,4/7/2022,$70 
Christopher Schild,United States,Florida,4/7/2023,"$1,736 "
Dorris liebe,United States,New York,4/7/2022,$659 
Erin Smith,United States,New Jersey,4/7/2022,$38 
Frank Merwin,United States,Pennsylvania,4/7/2021,$12 
Hallie Redmond,United States,Florida,4/7/2023,$235 
Pauline Johnson,United States,Alabama,4/7/2020,$9 
Peter Fuller,United States,Texas,4/7/2021,$847 
Resi Pölking,United States,New York,4/7/2021,$49 
Roland Schwarz,United States,South Carolina,4/7/2020,$753 
Sarah Foster,United States,New York,4/7/2022,$4 
Valerie Mitchum,United States,Georgia,4/7/2020,$259 
Yoseph Carroll,United States,California,4/7/2022,"$1,200 "
Carol Triggs,Canada,Ontario,5/7/2022,$55 
Carol Triggs,Canada,Ontario,5/7/2021,$115 
Carol Triggs,Canada,Ontario,5/7/2020,"$1,091 "
Adam Bellavance,United States,California,5/7/2023,$80 
Anna Gayman,United States,Texas,5/7/2021,$260 
Carlos Soltero,United States,California,5/7/2023,$420 
Carol Triggs,United States,Massachusetts,5/7/2020,"$1,091 "
Caroline Jumper,United States,New York,5/7/2022,"$4,836 "
Chris Cortes,United States,Kentucky,5/7/2021,$46 
Rick Wilson,United States,Michigan,5/7/2023,"$2,050 "
Bart Pistole,United States,Illinois,June/7/2020,$12 
Eleni McCrary,United States,California,June/7/2021,$8 
Frank Merwin,United States,California,June/7/2022,$10 
Harold Dahlen,United States,Pennsylvania,June/7/2021,$52 
Nick Radford,United States,Illinois,June/7/2020,$269 
Ross DeVincentis,United States,New York,June/7/2022,$32 
Roy Skaria,United States,Pennsylvania,June/7/2022,$10 
Annie Thurman,United States,California,July/7/2023,$6 
Barry Französisch,United States,Illinois,July/7/2022,$340 
Chad Cunningham,United States,Pennsylvania,July/7/2022,$85 
Christine Sundaresam,United States,New York,July/7/2023,$17 
Christopher Conant,United States,California,July/7/2022,"$3,137 "
John Lee,United States,Pennsylvania,July/7/2020,$241 
Max Jones,United States,Utah,July/7/2022,$59 
Michael Paige,United States,Rhode Island,July/7/2023,$252 
Raymond Messe,United States,California,July/7/2022,$216 
Rob Lucas,United States,Pennsylvania,July/7/2023,"$1,345 "
Steve Chapman,United States,Florida,July/7/2022,$46 
Chloris Kastensmidt,United States,Texas,8/7/2023,$238 
Cindy Chapman,United States,Minnesota,8/7/2023,$64 
Dorothy Wardle,United States,Washington,8/7/2022,$180 
Eudokia Martin,United States,Virginia,8/7/2021,$520 
Fred McMath,United States,North Carolina,8/7/2023,$80 
Jay Kimmel,United States,California,8/7/2023,$174 
Jeremy Lonsdale,United States,California,8/7/2023,"$2,563 "
Jim Karlsson,United States,Pennsylvania,8/7/2021,$107 
Joni Wasserman,United States,New York,8/7/2023,$116 
Kelly Williams,United States,Missouri,8/7/2021,$241 
Matt Collins,United States,California,8/7/2023,$245 
Noel Staavos,United States,Idaho,8/7/2021,$3 
Noel Staavos,United States,Maryland,8/7/2021,$78 
Parhena Norris,United States,California,8/7/2021,$19 
Allen Armold,United States,Rhode Island,9/7/2023,$57 
Allen Goldenen,United States,California,9/7/2023,$20 
Andy Gerbode,United States,New York,9/7/2021,$655 
Anna Gayman,United States,Wisconsin,9/7/2023,$13 
Cassandra Brandow,United States,Pennsylvania,9/7/2023,$50 
Charles Crestani,United States,Texas,9/7/2021,$48 
Corey Catlett,United States,North Carolina,9/7/2021,$141 
Dario Medina,United States,Tennessee,9/7/2023,$82 
Dean percer,United States,Arizona,9/7/2023,$8 
Dennis Kane,United States,New York,9/7/2020,$378 
Helen Andreada,United States,California,9/7/2021,$672 
Jasper Cacioppo,United States,California,9/7/2023,$48 
Joseph Airdo,United States,California,9/7/2023,$162 
Justin MacKendrick,United States,Utah,9/7/2023,$152 
Lisa Ryan,United States,California,9/7/2020,$132 
Lisa Ryan,United States,Pennsylvania,9/7/2021,$806 
Marc Crier,United States,New York,9/7/2021,$41 
Nicole Fjeld,United States,Illinois,9/7/2023,$73 
Phillip Flathmann,United States,Washington,9/7/2023,$563 
Rick Bensley,United States,Oklahoma,9/7/2020,$644 
Robert Dilbeck,United States,Missouri,9/7/2023,"$1,578 "
Ruben Dartt,United States,Oregon,9/7/2023,$318 
Sam Zeldin,United States,Texas,9/7/2020,$469 
Sean Braxton,United States,Pennsylvania,9/7/2020,$539 
Shahid Shariari,United States,Illinois,9/7/2020,$322 
Stefania Perrino,United States,New York,9/7/2023,$478 
Tanja Norvell,United States,New York,9/7/2021,$560 
Tom Boeckenhauer,United States,Oklahoma,9/7/2020,"$1,040 "
Trudy Glocke,United States,Missouri,9/7/2023,$249 
Arthur Wiediger,United States,Pennsylvania,10/7/2022,$5 
Cindy Chapman,United States,California,10/7/2022,$11 
Dean Braden,United States,Michigan,10/7/2023,$86 
Dean percer,United States,North Carolina,10/7/2023,"$1,027 "
Debra Catini,United States,California,10/7/2023,$308 
Dionis Lloyd,United States,Washington,10/7/2022,$838 
Joe Kamberova,United States,Texas,10/7/2023,$4 
John Grady,United States,Texas,10/7/2020,$107 
Mathew Reese,United States,Pennsylvania,10/7/2020,$130 
Mick Crebagga,United States,Washington,10/7/2022,$93 
Mike Gockenbach,United States,California,10/7/2023,"$1,325 "
Tim Brockman,United States,California,10/7/2022,$27 
Adrian Barton,United States,Texas,11/7/2021,$671 
Bart Pistole,United States,New York,11/7/2020,$36 
Christine Phan,United States,Florida,11/7/2021,"$1,362 "
Cindy Chapman,United States,New Jersey,11/7/2022,$15 
Claudia Bergmann,United States,California,11/7/2022,$15 
Deborah Brumfield,United States,California,11/7/2023,$822 
Denise Monton,United States,Ohio,11/7/2022,$120 
Doug O'Connell,United States,Texas,11/7/2021,$77 
Emily Phan,United States,Pennsylvania,11/7/2023,$710 
Erin Creighton,United States,Oklahoma,11/7/2023,$38 
Eudokia Martin,United States,California,11/7/2022,$90 
Frank Preis,United States,New York,11/7/2023,$8 
Karen Bern,United States,California,11/7/2021,$191 
Karen Bern,United States,Pennsylvania,11/7/2021,$24 
Katherine Nockton,United States,Maryland,11/7/2023,$273 
Lena Hernandez,United States,California,11/7/2020,$123 
Lisa DeCherney,United States,California,11/7/2022,$58 
Luke Weiss,United States,New York,11/7/2022,"$1,030 "
Maribeth Schnelling,United States,Wisconsin,11/7/2020,$317 
Marina Lichtenstein,United States,California,11/7/2022,$480 
Max Jones,United States,Washington,11/7/2022,$28 
Michael Chen,United States,Texas,11/7/2022,$359 
Michelle Arnett,United States,Wyoming,11/7/2022,"$1,603 "
Mike Caudle,United States,Delaware,11/7/2021,$33 
Penelope Sewall,United States,California,11/7/2022,$13 
Pete Kriz,United States,Delaware,11/7/2023,$101 
Steven Cartwright,United States,Texas,11/7/2020,$725 
Stewart Visinsky,United States,Vermont,11/7/2021,$715 
Tamara Chand,United States,Texas,11/7/2020,$100 
Tony Sayre,United States,California,11/7/2023,$462 
Troy Blackwell,United States,Oregon,11/7/2020,$147 
Alan Hwang,United States,New York,12/7/2021,$802 
Ann Steele,United States,Washington,12/7/2020,$269 
Brosina Hoffman,United States,Mississippi,12/7/2023,$373 
Darren Koutras,United States,Kentucky,12/7/2021,$437 
David Smith,United States,Texas,12/7/2023,$19 
Debra Catini,United States,Virginia,12/7/2023,$82 
Erica Hernandez,United States,California,12/7/2020,$165 
Frank Preis,United States,California,12/7/2020,$9 
Frank Preis,United States,California,12/7/2023,$374 
Henry Goldwyn,United States,Illinois,12/7/2023,"$1,890 "
Jeremy Farry,United States,Washington,12/7/2021,$7 
Kristen Hastings,United States,California,12/7/2021,$13 
Melanie Seite,United States,California,12/7/2021,$80 
Patrick O'Brill,United States,Virginia,12/7/2020,$106 
Shahid Hopkins,United States,Ohio,12/7/2023,$128 
Tracy Collins,United States,California,12/7/2023,$50 
Jack O'Briant,United States,Wisconsin,1/8/2022,"$1,672 "
Ricardo Sperren,United States,Washington,1/8/2023,$893 
Vivek Sundaresam,United States,North Carolina,1/8/2022,$187 
Brosina Hoffman,United States,Kansas,2/8/2021,$21 
Cathy Hwang,United States,North Carolina,2/8/2022,"$1,128 "
Lisa Hazard,United States,Ohio,2/8/2021,$108 
Mark Haberlin,United States,Texas,2/8/2022,$242 
Nathan Mautz,United States,Nevada,2/8/2020,$15 
Alan Hwang,United States,California,3/8/2023,$175 
Anthony Rawles,United States,New York,3/8/2021,$19 
Brian DeCherney,United States,Pennsylvania,3/8/2022,$115 
Dana Kaydos,United States,Wisconsin,3/8/2021,"$2,532 "
Frank Olsen,United States,Illinois,3/8/2021,$9 
Fred Chung,United States,Colorado,3/8/2021,$3 
Giulietta Baptist,United States,New York,3/8/2022,$196 
Patrick Gardner,United States,Arizona,3/8/2022,$10 
Sanjit Jacobs,United States,Texas,3/8/2022,$183 
Stephanie Phelps,United States,Michigan,3/8/2022,$221 
Victoria Brennan,United States,Georgia,3/8/2023,$669 
Zuschuss Carroll,United States,Florida,3/8/2022,"$1,466 "
Adrian Hane,United States,California,4/8/2023,$440 
Christine Kargatis,United States,Arkansas,4/8/2022,$216 
Clytie Kelty,United States,California,4/8/2022,$25 
Denise Monton,United States,Georgia,4/8/2023,"$2,747 "
Eugene Hildebrand,United States,Ohio,4/8/2022,$130 
Jeremy Lonsdale,United States,New York,4/8/2022,$448 
Jim Mitchum,United States,Arizona,4/8/2020,$21 
John Stevenson,United States,Ohio,4/8/2020,$172 
Karen Ferguson,United States,New Jersey,4/8/2023,"$2,634 "
Logan Currie,United States,California,4/8/2022,$98 
Nathan Mautz,United States,California,4/8/2020,$500 
Nicole Hansen,United States,Michigan,4/8/2023,$581 
Patrick Gardner,United States,Georgia,4/8/2022,$18 
Pauline Chand,United States,Arizona,4/8/2020,$50 
Raymond Messe,United States,Georgia,4/8/2022,$355 
Ruben Ausman,United States,Alabama,4/8/2020,"$1,216 "
Zuschuss Carroll,United States,Texas,4/8/2022,"$1,617 "
Alejandro Ballentine,United States,New York,5/8/2021,$38 
Allen Armold,United States,Oregon,5/8/2021,$5 
Claudia Bergmann,United States,Ohio,5/8/2021,$8 
Clay Ludtke,United States,Ohio,5/8/2022,"$1,110 "
Daniel Lacy,United States,Minnesota,5/8/2021,$546 
Don Jones,United States,Pennsylvania,5/8/2023,$128 
Ed Braxton,United States,Texas,5/8/2023,$41 
George Bell,United States,Delaware,5/8/2022,$212 
Kean Thornton,United States,Pennsylvania,5/8/2020,"$1,800 "
Maribeth Dona,United States,Ohio,5/8/2023,$48 
Michelle Moray,United States,California,5/8/2023,$81 
Natalie Webber,United States,New York,5/8/2021,"$3,385 "
Penelope Sewall,United States,California,5/8/2023,"$3,360 "
Trudy Brown,United States,California,5/8/2022,$18 
Andrew Gjertsen,United States,Florida,June/8/2021,$938 
Ben Wallace,United States,Illinois,June/8/2023,$12 
Carlos Soltero,United States,Washington,June/8/2020,$586 
Dorris liebe,United States,Texas,June/8/2023,$2 
Frank Olsen,United States,Arizona,June/8/2023,$197 
Katrina Edelman,United States,Tennessee,June/8/2020,$170 
Liz Willingham,United States,Connecticut,June/8/2023,$10 
Maureen Gastineau,United States,California,June/8/2023,"$1,515 "
Maureen Gnade,United States,Illinois,June/8/2021,$146 
Rick Duston,United States,New York,June/8/2020,"$1,745 "
Tiffany House,United States,Texas,June/8/2023,$490 
Joe Elijah,Canada,Manitoba,July/8/2023,$725 
Joe Elijah,Canada,Manitoba,July/8/2022,"$1,039 "
Chris Cortes,United States,Washington,July/8/2022,$127 
Darrin Martin,United States,Texas,July/8/2021,$21 
Ed Braxton,United States,California,July/8/2020,$699 
Harold Engle,United States,Delaware,July/8/2023,$470 
Jenna Caffey,United States,Washington,July/8/2023,"$1,058 "
Joe Elijah,United States,Colorado,July/8/2022,$725 
Mathew Reese,United States,Washington,July/8/2023,$53 
Michelle Huthwaite,United States,New York,July/8/2020,$64 
Sam Zeldin,United States,California,July/8/2023,$146 
Scot Coram,United States,Texas,July/8/2022,$911 
Tamara Dahlen,United States,Massachusetts,July/8/2023,$45 
Thea Hudgings,United States,Rhode Island,July/8/2022,$13 
Vicky Freymann,United States,Washington,July/8/2023,$134 
Vivek Gonzalez,United States,California,July/8/2023,$75 
Zuschuss Donatelli,United States,Florida,July/8/2022,$840 
Denny Blanton,Canada,Ontario,8/8/2021,$159 
Denny Blanton,Canada,Ontario,8/8/2020,$601 
Denny Blanton,Canada,Ontario,8/8/2022,$601 
Denny Blanton,Canada,Ontario,8/8/2023,$601 
Cathy Armstrong,United States,California,8/8/2022,"$1,016 "
Charles Crestani,United States,Oklahoma,8/8/2022,$11 
Corinna Mitchell,United States,Mississippi,8/8/2022,$23 
Denny Blanton,United States,Massachusetts,8/8/2021,$601 
Jill Fjeld,United States,Texas,8/8/2022,$65 
Lena Radford,United States,California,8/8/2020,"$2,050 "
Maria Bertelson,United States,Arizona,8/8/2020,$217 
Matt Abelman,United States,Michigan,8/8/2020,"$1,110 "
Rob Dowd,United States,New York,8/8/2021,$80 
Tamara Manning,United States,California,8/8/2020,$423 
Thomas Thornton,United States,California,8/8/2021,$159 
Vivek Gonzalez,United States,Florida,8/8/2020,$155 
George Zrebassa,Canada,Quebec,9/8/2021,$7 
Alex Russell,United States,Texas,9/8/2023,$85 
Anna Gayman,United States,Texas,9/8/2022,"$2,621 "
Anne Pryor,United States,Massachusetts,9/8/2022,$189 
Barry Französisch,United States,Texas,9/8/2023,$664 
Becky Martin,United States,Texas,9/8/2020,"$10,540 "
Dennis Pardue,United States,California,9/8/2020,$76 
Dorothy Badders,United States,Ohio,9/8/2023,$9 
Eudokia Martin,United States,New York,9/8/2023,$65 
Eugene Barchas,United States,Pennsylvania,9/8/2023,$259 
Frank Carlisle,United States,Florida,9/8/2023,$220 
Gary Zandusky,United States,California,9/8/2020,$50 
Jill Matthias,United States,North Carolina,9/8/2022,$100 
Karen Carlisle,United States,Georgia,9/8/2020,$117 
Kean Takahito,United States,Texas,9/8/2020,"$1,167 "
Ken Black,United States,Texas,9/8/2022,$130 
Lisa Hazard,United States,Texas,9/8/2020,$51 
Liz Preis,United States,California,9/8/2022,$311 
Marc Crier,United States,Washington,9/8/2020,"$1,772 "
Michael Grace,United States,New York,9/8/2022,$207 
Michelle Moray,United States,Illinois,9/8/2023,$766 
Neoma Murray,United States,California,9/8/2021,$68 
Paul Prost,United States,New York,9/8/2020,$176 
Pauline Johnson,United States,California,9/8/2022,$146 
Roland Schwarz,United States,Ohio,9/8/2023,$117 
Sanjit Engle,United States,Illinois,9/8/2022,$616 
Stefania Perrino,United States,New York,9/8/2020,$17 
Ted Trevino,United States,Virginia,9/8/2020,$255 
Toby Ritter,United States,Washington,9/8/2022,$74 
Toby Swindell,United States,California,9/8/2020,$9 
Valerie Mitchum,United States,California,9/8/2022,$100 
Victoria Wilson,United States,Alabama,9/8/2021,$21 
Barry Pond,United States,Rhode Island,10/8/2023,$43 
Bart Watters,United States,Texas,10/8/2022,$52 
Brian Thompson,United States,Texas,10/8/2021,$3 
Chris Selesnick,United States,California,10/8/2023,$420 
Doug Bickford,United States,North Carolina,10/8/2022,$388 
Duane Noonan,United States,New York,10/8/2020,$124 
Gary McGarr,United States,New York,10/8/2023,$146 
Gene Hale,United States,Texas,10/8/2021,$73 
Jack Garza,United States,North Carolina,10/8/2020,$23 
Joel Eaton,United States,California,10/8/2022,$62 
Maria Bertelson,United States,California,10/8/2021,$146 
Peter McVee,United States,Texas,10/8/2022,$60 
Amy Cox,United States,New York,11/8/2021,$70 
Claire Gute,United States,Kentucky,11/8/2022,$994 
Duane Benoit,United States,Texas,11/8/2021,$10 
Emily Burns,United States,California,11/8/2020,$334 
Helen Abelman,United States,Massachusetts,11/8/2021,$12 
Kean Nguyen,United States,Maryland,11/8/2023,$274 
Keith Dawkins,United States,New York,11/8/2021,"$5,851 "
Maria Zettner,United States,California,11/8/2021,$377 
Noel Staavos,United States,North Carolina,11/8/2021,$81 
Quincy Jones,United States,Vermont,11/8/2021,"$4,405 "
Rob Dowd,United States,Iowa,11/8/2021,$264 
Rob Haberlin,United States,Virginia,11/8/2021,$751 
Sanjit Chand,United States,Utah,11/8/2021,$256 
Sharelle Roach,United States,New York,11/8/2023,$110 
Shaun Weien,United States,California,11/8/2021,$120 
Alan Schoenberger,United States,California,12/8/2023,$69 
Arthur Gainer,United States,Wisconsin,12/8/2022,"$1,086 "
Carl Weiss,United States,Rhode Island,12/8/2023,$593 
Delfina Latchford,United States,New York,12/8/2023,$434 
Denise Monton,United States,California,12/8/2023,$244 
Denny Joy,United States,California,12/8/2020,$119 
Doug Bickford,United States,California,12/8/2022,$386 
Emily Grady,United States,Pennsylvania,12/8/2023,$216 
Gene Hale,United States,Texas,12/8/2022,"$1,288 "
Henry Goldwyn,United States,Colorado,12/8/2021,$16 
Jeremy Pistek,United States,Wisconsin,12/8/2023,"$1,816 "
Jim Karlsson,United States,Washington,12/8/2020,$650 
Joel Jenkins,United States,Texas,12/8/2021,$120 
Julia Barnett,United States,Ohio,12/8/2022,$11 
Julie Prescott,United States,Ohio,12/8/2022,$13 
Keith Herrera,United States,California,12/8/2023,"$3,956 "
Lena Hernandez,United States,North Carolina,12/8/2022,$334 
Luke Foster,United States,California,12/8/2023,$219 
Max Jones,United States,Pennsylvania,12/8/2023,$97 
Quincy Jones,United States,Minnesota,12/8/2022,$115 
Stefania Perrino,United States,California,12/8/2022,"$1,476 "
Thomas Boland,United States,Texas,12/8/2020,$60 
Tim Brockman,United States,Oregon,12/8/2020,$266 
Tonja Turnell,United States,Texas,12/8/2021,"$2,079 "
Yana Sorensen,United States,California,12/8/2021,$458 
Beth Paige,United States,Pennsylvania,1/9/2023,$274 
Craig Carroll,United States,Kentucky,1/9/2021,$364 
Laura Armstrong,United States,California,1/9/2022,$728 
Maureen Fritzler,United States,Ohio,1/9/2022,$15 
Melanie Seite,United States,Texas,1/9/2020,$41 
Frank Atkinson,United States,Texas,2/9/2021,$81 
Jill Fjeld,United States,Illinois,2/9/2021,$480 
Justin Ritter,United States,California,2/9/2022,$122 
Marina Lichtenstein,United States,California,2/9/2023,$21 
Michael Stewart,United States,Texas,2/9/2021,$21 
Sarah Bern,United States,California,2/9/2023,$355 
Sarah Jordon,United States,California,2/9/2021,$204 
Tom Prescott,United States,Texas,2/9/2023,$398 
Karl Braun,United States,California,3/9/2023,$511 
Lindsay Williams,United States,California,3/9/2023,$200 
Noel Staavos,United States,Texas,3/9/2021,$473 
Pamela Stobb,United States,Massachusetts,3/9/2022,$436 
Rick Bensley,United States,Connecticut,3/9/2022,$200 
Toby Gnade,United States,North Carolina,3/9/2021,$5 
Bryan Spruell,United States,New York,4/9/2023,$761 
Edward Becker,United States,Washington,4/9/2022,$35 
Herbert Flentye,United States,California,4/9/2022,$557 
Ivan Gibson,United States,Connecticut,4/9/2021,$370 
Jay Kimmel,United States,California,4/9/2021,$370 
Ken Lonsdale,United States,Michigan,4/9/2023,$478 
Mick Crebagga,United States,New York,4/9/2021,$18 
Noah Childs,United States,Pennsylvania,4/9/2023,$103 
Sean Wendt,United States,Michigan,4/9/2022,$523 
Sue Ann Reed,United States,Florida,4/9/2023,$284 
Cynthia Voltz,United States,Texas,5/9/2022,"$1,014 "
Julia West,United States,Pennsylvania,5/9/2022,$89 
Laurel Beltran,United States,Washington,5/9/2023,$806 
Matt Connell,United States,North Carolina,5/9/2023,$272 
Max Engle,United States,Kentucky,5/9/2021,$49 
Mick Brown,United States,Texas,5/9/2022,$19 
Patrick Gardner,United States,California,5/9/2020,$236 
Paul Stevenson,United States,New York,5/9/2022,$8 
Ricardo Sperren,United States,California,5/9/2022,$32 
Sean Braxton,United States,Kentucky,5/9/2020,$159 
Sonia Sunley,United States,Washington,5/9/2022,$94 
Thea Hendricks,United States,Virginia,5/9/2022,$28 
Anna Gayman,United States,Virginia,June/9/2023,$49 
Anthony Garverick,United States,Virginia,June/9/2021,$113 
Benjamin Farhat,United States,Minnesota,June/9/2022,$693 
Brosina Hoffman,United States,California,June/9/2020,"$3,714 "
Carl Weiss,United States,Texas,June/9/2020,$142 
Chuck Magee,United States,California,June/9/2020,$30 
Dean Braden,United States,California,June/9/2022,$122 
Frank Olsen,United States,Virginia,June/9/2020,"$1,441 "
Greg Matthias,United States,California,June/9/2022,$177 
Max Jones,United States,Florida,June/9/2021,$175 
Meg O'Connel,United States,Illinois,June/9/2023,$169 
Nathan Cano,United States,Michigan,June/9/2021,$13 
Noah Childs,United States,Texas,June/9/2023,$721 
Thomas Seio,United States,Nevada,June/9/2020,$135 
Toby Carlisle,United States,Florida,June/9/2022,$696 
Trudy Glocke,United States,Idaho,June/9/2021,$496 
Brian Moss,United States,Texas,July/9/2020,$25 
Brian Thompson,United States,Maryland,July/9/2021,"$1,134 "
Claudia Bergmann,United States,Massachusetts,July/9/2021,$130 
Darrin Sayre,United States,California,July/9/2020,$172 
Emily Burns,United States,Tennessee,July/9/2021,$5 
Gary Hansen,United States,California,July/9/2020,$69 
Jamie Frazer,United States,Connecticut,July/9/2023,$847 
John Huston,United States,Illinois,July/9/2023,$229 
Jonathan Doherty,United States,New York,July/9/2022,$573 
Kean Nguyen,United States,Texas,July/9/2021,$49 
Matt Collins,United States,Pennsylvania,July/9/2021,$270 
Noel Staavos,United States,Illinois,July/9/2023,$67 
Sean Miller,United States,Indiana,July/9/2023,$526 
Tamara Dahlen,United States,Oregon,July/9/2023,$1 
Andy Gerbode,United States,Florida,8/9/2020,$194 
David Smith,United States,Michigan,8/9/2021,$647 
Emily Ducich,United States,California,8/9/2020,$21 
Gary Hansen,United States,Tennessee,8/9/2022,$16 
Gene McClure,United States,California,8/9/2020,$6 
Hallie Redmond,United States,Wisconsin,8/9/2021,$687 
Helen Andreada,United States,North Carolina,8/9/2022,$645 
Joseph Holt,United States,Washington,8/9/2020,"$2,061 "
Matthew Grinstein,United States,Washington,8/9/2020,"$1,310 "
Monica Federle,United States,New York,8/9/2021,$154 
Naresj Patel,United States,New York,8/9/2021,"$3,386 "
Roger Demir,United States,Arizona,8/9/2020,$14 
Ruben Ausman,United States,Florida,8/9/2021,$5 
Annie Thurman,United States,California,9/9/2022,$55 
Arianne Irving,United States,Arizona,9/9/2023,$6 
Chris Cortes,United States,Illinois,9/9/2020,$11 
Damala Kotsonis,United States,Oregon,9/9/2023,$42 
Daniel Byrd,United States,Texas,9/9/2022,$15 
Daniel Lacy,United States,North Carolina,9/9/2020,"$1,300 "
Grace Kelly,United States,Texas,9/9/2023,$10 
Joy Bell-,United States,Michigan,9/9/2023,$17 
Joy Daniels,United States,Ohio,9/9/2023,$29 
Keith Dawkins,United States,California,9/9/2023,$100 
Liz Carlisle,United States,California,9/9/2023,$298 
Logan Currie,United States,Ohio,9/9/2023,$92 
Logan Currie,United States,Pennsylvania,9/9/2020,$233 
Maribeth Schnelling,United States,Michigan,9/9/2020,$104 
Matt Connell,United States,California,9/9/2023,$160 
Nicole Fjeld,United States,Ohio,9/9/2020,$91 
Rick Reed,United States,Massachusetts,9/9/2020,"$2,304 "
Sean Braxton,United States,South Carolina,9/9/2023,$685 
Sean O'Donnell,United States,Tennessee,9/9/2023,$459 
Stefania Perrino,United States,Pennsylvania,9/9/2023,"$2,457 "
Troy Staebel,United States,New York,9/9/2022,$15 
Bart Pistole,United States,North Carolina,10/9/2020,$89 
Brian Moss,United States,Michigan,10/9/2021,$736 
Cathy Prescott,United States,Ohio,10/9/2023,$46 
Cyma Kinney,United States,Illinois,10/9/2023,$719 
Dave Kipp,United States,Virginia,10/9/2021,$31 
Evan Bailliet,United States,North Carolina,10/9/2023,$11 
Fred McMath,United States,Michigan,10/9/2021,$660 
Harry Greene,United States,New York,10/9/2023,$364 
Maria Bertelson,United States,Texas,10/9/2023,$321 
Maria Zettner,United States,Arizona,10/9/2022,$171 
Michael Paige,United States,Ohio,10/9/2022,$24 
Shirley Jackson,United States,California,10/9/2020,$161 
Sibella Parks,United States,Pennsylvania,10/9/2022,$352 
Sonia Cooley,United States,Florida,10/9/2021,$50 
Tim Brockman,United States,New York,10/9/2021,$656 
Xylona Preis,United States,California,10/9/2023,$35 
Adam Shillingsburg,United States,Missouri,11/9/2021,"$1,085 "
Anthony Garverick,United States,Indiana,11/9/2021,$11 
Benjamin Farhat,United States,New York,11/9/2020,$57 
Brian Moss,United States,Maryland,11/9/2023,"$3,014 "
Charlotte Melton,United States,Pennsylvania,11/9/2021,$11 
Dean percer,United States,New York,11/9/2021,"$2,340 "
Dianna Vittorini,United States,New York,11/9/2021,"$1,171 "
Jennifer Braxton,United States,California,11/9/2023,$216 
Jeremy Pistek,United States,California,11/9/2020,"$1,518 "
Jesus Ocampo,United States,California,11/9/2021,$2 
Jim Epp,United States,California,11/9/2023,$523 
Joel Eaton,United States,California,11/9/2023,$47 
Matt Collister,United States,California,11/9/2023,$164 
Parhena Norris,United States,New York,11/9/2023,$97 
Peter McVee,United States,Florida,11/9/2023,$691 
Philip Fox,United States,California,11/9/2022,$480 
Fred McMath,Canada,Quebec,12/9/2022,$83 
Fred McMath,Canada,Quebec,12/9/2023,$126 
Alyssa Tate,United States,California,12/9/2023,"$1,096 "
Angele Hood,United States,Illinois,12/9/2023,$16 
Christine Abelman,United States,Ohio,12/9/2023,$95 
Cyma Kinney,United States,California,12/9/2020,$35 
Damala Kotsonis,United States,Michigan,12/9/2023,$927 
Damala Kotsonis,United States,Tennessee,12/9/2022,$83 
Daniel Byrd,United States,California,12/9/2023,$148 
Dario Medina,United States,Arizona,12/9/2020,$101 
Dean Braden,United States,Michigan,12/9/2023,$188 
Emily Burns,United States,Tennessee,12/9/2022,$41 
Frank Preis,United States,Pennsylvania,12/9/2020,"$1,111 "
Fred McMath,United States,Massachusetts,12/9/2022,$126 
George Bell,United States,Texas,12/9/2022,$19 
Herbert Flentye,United States,Indiana,12/9/2023,$44 
John Lee,United States,Kentucky,12/9/2023,"$1,828 "
Kalyca Meade,United States,Pennsylvania,12/9/2023,$3 
Ken Black,United States,Nebraska,12/9/2022,$80 
Ken Brennan,United States,Indiana,12/9/2021,$34 
Ken Brennan,United States,Texas,12/9/2023,$38 
Laurel Elliston,United States,California,12/9/2023,$445 
Lena Hernandez,United States,Illinois,12/9/2023,$144 
Logan Haushalter,United States,Michigan,12/9/2022,$133 
Luke Weiss,United States,Michigan,12/9/2023,$55 
Nick Crebassa,United States,Arizona,12/9/2023,$432 
Paul MacIntyre,United States,Virginia,12/9/2022,"$1,057 "
Rob Williams,United States,Illinois,12/9/2022,$44 
Roger Demir,United States,Pennsylvania,12/9/2023,$11 
Stephanie Phelps,United States,California,12/9/2022,$274 
Thomas Seio,United States,Illinois,12/9/2020,$29 
Victoria Pisteka,United States,Texas,12/9/2020,$248 
Anthony Jacobs,United States,Virginia,1/10/2020,$55 
Joy Bell-,United States,Washington,1/10/2022,$25 
Ken Black,United States,Washington,1/10/2022,$150 
Michael Moore,United States,New York,1/10/2021,"$1,018 "
Michael Nguyen,United States,Maryland,2/10/2023,$23 
Mike Pelletier,United States,California,2/10/2023,$204 
Nona Balk,United States,Pennsylvania,2/10/2021,$77 
Bryan Davis,United States,Pennsylvania,3/10/2022,$40 
Candace McMahon,United States,California,3/10/2023,$112 
Caroline Jumper,United States,New York,3/10/2022,$177 
Emily Burns,United States,Pennsylvania,3/10/2023,$54 
Karen Ferguson,United States,California,3/10/2022,"$4,174 "
Karen Seio,United States,North Carolina,3/10/2023,$62 
Kean Thornton,United States,Colorado,3/10/2020,$720 
Ken Black,United States,Maryland,3/10/2021,$90 
Maribeth Dona,United States,Texas,3/10/2023,$933 
Maya Herman,United States,Arizona,3/10/2022,$105 
Mick Hernandez,United States,Pennsylvania,3/10/2023,$92 
Rick Huthwaite,United States,California,3/10/2022,"$3,384 "
Scott Williamson,United States,Michigan,3/10/2020,$22 
Toby Swindell,United States,Texas,3/10/2021,$1 
Brian Thompson,United States,California,4/10/2022,$892 
Bruce Stewart,United States,Pennsylvania,4/10/2023,$232 
Dario Medina,United States,California,4/10/2021,$13 
Dennis Bolton,United States,Connecticut,4/10/2023,$386 
Eugene Hildebrand,United States,New York,4/10/2021,$157 
Filia McAdams,United States,California,4/10/2022,$36 
Justin Ritter,United States,Ohio,4/10/2022,$9 
Mitch Gastineau,United States,Florida,4/10/2023,$17 
Quincy Jones,United States,Illinois,4/10/2022,$14 
Russell D'Ascenzo,United States,Texas,4/10/2023,$106 
Sanjit Jacobs,United States,New Jersey,4/10/2023,$15 
Alan Barnes,United States,Colorado,5/10/2021,$47 
Arianne Irving,United States,Washington,5/10/2020,$202 
Art Foster,United States,Pennsylvania,5/10/2020,$372 
Christopher Schild,United States,Pennsylvania,5/10/2022,$744 
Dennis Pardue,United States,Illinois,5/10/2021,$108 
Gene McClure,United States,Illinois,5/10/2022,$7 
Greg Matthias,United States,California,5/10/2020,"$1,770 "
Roger Demir,United States,Washington,5/10/2022,$12 
Ben Wallace,United States,California,June/10/2023,$16 
Bill Donatelli,United States,Washington,June/10/2023,$116 
Carl Ludwig,United States,Pennsylvania,June/10/2023,$40 
George Zrebassa,United States,California,June/10/2023,$15 
Heather Kirkland,United States,Michigan,June/10/2020,$492 
Joy Bell-,United States,Pennsylvania,June/10/2022,$24 
Linda Cazamias,United States,New York,June/10/2023,$8 
Michelle Tran,United States,California,June/10/2023,$824 
Muhammed MacIntyre,United States,New York,June/10/2023,$14 
Neil Ducich,United States,Florida,June/10/2023,"$1,348 "
Olvera Toch,United States,California,June/10/2022,"$1,389 "
Sean Christensen,United States,Michigan,June/10/2023,$133 
Allen Armold,United States,Arizona,July/10/2022,$17 
Becky Pak,United States,Georgia,July/10/2023,$19 
Beth Fritzler,United States,Georgia,July/10/2023,$42 
Eric Hoffmann,United States,Arizona,July/10/2021,$3 
Erin Ashbrook,United States,Pennsylvania,July/10/2022,$342 
Frank Gastineau,United States,Illinois,July/10/2023,$298 
Logan Haushalter,United States,Texas,July/10/2022,$492 
Mike Vittorini,United States,California,July/10/2021,$40 
Nick Zandusky,United States,Arizona,July/10/2022,$45 
Bill Donatelli,United States,Michigan,8/10/2021,$65 
Ivan Liston,United States,Indiana,8/10/2023,"$1,646 "
Julie Kriz,United States,Minnesota,8/10/2021,$75 
Steve Chapman,United States,Indiana,8/10/2023,$177 
William Brown,United States,Oregon,8/10/2021,$712 
Alex Russell,Canada,Quebec,September/10/2023,$3 
Alex Russell,Canada,Quebec,September/10/2020,$15 
Aimee Bixby,United States,Oklahoma,September/10/2021,$15 
Alex Russell,United States,Massachusetts,September/10/2023,$15 
Alex Russell,United States,Texas,September/10/2021,$180 
Bobby Odegard,United States,New York,September/10/2021,$6 
Bryan Davis,United States,Washington,September/10/2022,$143 
Catherine Glotzbach,United States,Tennessee,September/10/2022,$68 
Charles Crestani,United States,California,September/10/2021,$52 
Clay Ludtke,United States,Oregon,September/10/2020,"$1,509 "
Dianna Arnett,United States,Virginia,September/10/2020,$10 
Dianna Vittorini,United States,California,September/10/2022,$277 
Edward Hooks,United States,Massachusetts,September/10/2021,$703 
Frank Atkinson,United States,California,September/10/2021,$107 
Frank Hawley,United States,California,September/10/2023,$370 
Helen Abelman,United States,Ohio,September/10/2023,$297 
Kean Thornton,United States,Texas,September/10/2022,"$1,021 "
Ken Heidel,United States,Ohio,September/10/2023,$85 
Linda Cazamias,United States,Illinois,September/10/2023,$147 
Matt Collins,United States,Washington,September/10/2021,$354 
Parhena Norris,United States,New York,September/10/2022,$66 
Robert Waldorf,United States,Missouri,September/10/2023,$809 
Sandra Flanagan,United States,New Jersey,September/10/2020,$337 
Shahid Hopkins,United States,New York,September/10/2023,$19 
Shahid Shariari,United States,Georgia,September/10/2023,$3 
Skye Norling,United States,Illinois,September/10/2023,$763 
Steve Chapman,United States,Florida,September/10/2022,$520 
William Brown,Canada,Manitoba,10/10/2023,$30 
William Brown,Canada,Manitoba,10/10/2022,$137 
Corey Catlett,United States,Colorado,10/10/2022,$228 
Craig Molinari,United States,Texas,10/10/2020,"$1,489 "
David Philippe,United States,Illinois,10/10/2021,$8 
Denny Joy,United States,California,10/10/2021,$45 
Erica Bern,United States,North Carolina,10/10/2022,$25 
Fred Chung,United States,New Mexico,10/10/2020,$256 
John Dryer,United States,Florida,10/10/2021,"$1,802 "
Katherine Nockton,United States,California,10/10/2021,$393 
Richard Bierner,United States,Ohio,10/10/2020,$120 
Scot Wooten,United States,Illinois,10/10/2023,$239 
Shirley Daniels,United States,Arizona,10/10/2020,$47 
Tanja Norvell,United States,California,10/10/2020,$138 
William Brown,United States,Texas,10/10/2022,$30 
Aaron Bergman,United States,Oklahoma,11/10/2022,$564 
Alan Hwang,United States,California,11/10/2021,$80 
Ann Blume,United States,Arizona,11/10/2023,"$1,475 "
Arianne Irving,United States,California,11/10/2022,"$1,467 "
Art Foster,United States,Ohio,11/10/2022,$54 
Ben Ferrer,United States,California,11/10/2022,$10 
Chuck Clark,United States,California,11/10/2022,$46 
Daniel Raglin,United States,Florida,11/10/2023,$12 
Debra Catini,United States,Georgia,11/10/2022,$42 
Edward Becker,United States,Texas,11/10/2023,$342 
Frank Hawley,United States,New York,11/10/2023,"$1,362 "
Gary Hwang,United States,California,11/10/2023,$112 
Kalyca Meade,United States,Missouri,11/10/2022,$119 
Maria Etezadi,United States,California,11/10/2023,$241 
Maxwell Schwartz,United States,Texas,11/10/2022,$280 
Michael Chen,United States,Washington,11/10/2023,$430 
Nick Crebassa,United States,Washington,11/10/2023,$26 
Pamela Coakley,United States,California,11/10/2022,$226 
Paul Prost,United States,Ohio,11/10/2022,$900 
Philisse Overcash,United States,Minnesota,11/10/2021,"$2,165 "
Rose O'Brian,United States,California,11/10/2022,$30 
Ruben Dartt,United States,California,11/10/2020,$808 
Sally Hughsby,United States,New York,11/10/2022,$70 
Sam Craven,United States,Michigan,11/10/2020,"$1,195 "
Sam Craven,United States,Pennsylvania,11/10/2021,$578 
Scott Williamson,United States,New York,11/10/2022,$886 
Seth Vernon,United States,Ohio,11/10/2022,$31 
Steve Chapman,United States,Indiana,11/10/2021,$714 
Thomas Brumley,United States,California,11/10/2023,$8 
James Peterman,Canada,Newfoundland and Labrador,12/10/2022,$99 
James Peterman,Canada,Newfoundland and Labrador,12/10/2023,$99 
Alex Grayson,United States,California,12/10/2023,$109 
Anthony Witt,United States,Pennsylvania,12/10/2023,$321 
Arthur Prichep,United States,Washington,12/10/2022,$423 
Bart Watters,United States,New York,12/10/2022,$63 
Ben Peterman,United States,California,12/10/2023,$86 
Ben Peterman,United States,Washington,12/10/2023,$392 
Brian Thompson,United States,Florida,12/10/2023,$19 
Chris Cortes,United States,Connecticut,12/10/2023,$438 
Chris McAfee,United States,New York,12/10/2022,$699 
Delfina Latchford,United States,New York,12/10/2022,$443 
Frank Carlisle,United States,California,12/10/2021,$56 
Helen Andreada,United States,Pennsylvania,12/10/2023,$14 
Julia West,United States,Illinois,12/10/2021,$53 
Justin Ellison,United States,South Carolina,12/10/2023,$15 
Kalyca Meade,United States,Maryland,12/10/2021,$776 
Keith Dawkins,United States,Michigan,12/10/2021,"$1,000 "
Khloe Miller,United States,Georgia,12/10/2021,$130 
Lindsay Shagiari,United States,Nebraska,12/10/2023,$35 
Logan Haushalter,United States,California,12/10/2022,$322 
Mark Hamilton,United States,Indiana,12/10/2022,"$1,425 "
Matt Abelman,United States,New York,12/10/2021,"$1,033 "
Meg Tillman,United States,California,12/10/2021,$6 
Michael Chen,United States,Nevada,12/10/2023,"$1,670 "
Ryan Akin,United States,Ohio,12/10/2021,$25 
Sally Hughsby,United States,Idaho,12/10/2020,$456 
Sally Matthias,United States,New York,12/10/2020,$118 
Sanjit Jacobs,United States,California,12/10/2022,$80 
Sara Luxemburg,United States,New York,12/10/2022,$6 
Stephanie Ulpright,United States,Mississippi,12/10/2023,$685 
William Brown,United States,Pennsylvania,12/10/2023,$91 
Deanra Eno,United States,Ohio,1/11/2022,$94 
Mark Packer,United States,Ohio,1/11/2022,$55 
Seth Vernon,United States,Delaware,1/11/2020,$10 
Cari Sayre,United States,Washington,2/11/2023,"$1,052 "
Don Jones,United States,New York,2/11/2023,$21 
Guy Armstrong,United States,Missouri,2/11/2020,$535 
Magdelene Morse,United States,Ohio,2/11/2023,$148 
Natalie Fritzler,United States,Virginia,2/11/2020,"$1,508 "
Phillip Breyer,United States,Oklahoma,2/11/2022,$70 
Victoria Wilson,United States,California,2/11/2023,$21 
Brad Thomas,United States,Pennsylvania,3/11/2022,$30 
Chloris Kastensmidt,United States,Ohio,3/11/2020,$19 
Filia McAdams,United States,Kentucky,3/11/2020,$783 
Julie Prescott,United States,Georgia,3/11/2022,$558 
Kelly Andreada,United States,New York,3/11/2020,$109 
Marc Harrigan,United States,Pennsylvania,3/11/2023,$987 
Max Jones,United States,Michigan,3/11/2023,$896 
Mick Brown,United States,New Jersey,3/11/2022,$244 
Odella Nelson,United States,Minnesota,3/11/2022,$63 
Paul Van Hugh,United States,Massachusetts,3/11/2023,$91 
Richard Bierner,United States,California,3/11/2020,$8 
Andy Reiter,United States,California,4/11/2021,$693 
Gary Mitchum,United States,Texas,4/11/2020,$758 
Henry MacAllister,United States,North Carolina,4/11/2023,$23 
Jack Lebron,United States,Ohio,4/11/2023,$44 
Jay Kimmel,United States,Florida,4/11/2020,$737 
Luke Weiss,United States,California,4/11/2023,$242 
Michelle Moray,United States,Montana,4/11/2020,$410 
Patrick Ryan,United States,Florida,4/11/2021,$122 
Sample Company A,United States,Texas,4/11/2023,$11 
Sanjit Engle,United States,Idaho,4/11/2020,$10 
Sanjit Engle,United States,New York,4/11/2021,$514 
Brooke Gillingham,United States,New York,5/11/2020,$36 
Harold Dahlen,United States,Illinois,5/11/2020,$122 
Julie Kriz,United States,Texas,5/11/2023,$95 
Liz Pelletier,United States,Washington,5/11/2023,$101 
Paul Gonzalez,United States,Texas,5/11/2020,$225 
Paul Stevenson,United States,Arizona,5/11/2021,$192 
Raymond Messe,United States,Texas,5/11/2020,$47 
Ted Trevino,United States,California,5/11/2022,$6 
Todd Sumrall,United States,Arizona,5/11/2023,$210 
Victoria Wilson,United States,Texas,5/11/2020,"$1,213 "
Zuschuss Carroll,United States,New York,5/11/2023,$44 
Becky Castell,United States,Arizona,June/11/2023,$669 
Brian Dahlen,United States,Louisiana,June/11/2021,$208 
Dianna Vittorini,United States,California,June/11/2023,$123 
Erica Smith,United States,New York,June/11/2022,$240 
Jim Epp,United States,Florida,June/11/2021,"$3,166 "
Kristina Nunn,United States,Alabama,June/11/2023,$4 
Mary Zewe,United States,Texas,June/11/2022,$22 
Sanjit Engle,United States,Washington,June/11/2022,$459 
Seth Vernon,United States,California,June/11/2022,$903 
Tom Boeckenhauer,United States,Washington,June/11/2023,$719 
Zuschuss Carroll,United States,North Carolina,June/11/2023,$5 
Zuschuss Donatelli,United States,California,June/11/2023,$61 
Clytie Kelty,United States,Pennsylvania,July/11/2021,$677 
Jamie Kunitz,United States,New York,July/11/2020,$165 
Joy Daniels,United States,New York,July/11/2023,$133 
Karen Bern,United States,California,July/11/2023,"$1,456 "
Katherine Nockton,United States,California,July/11/2023,$9 
Laura Armstrong,United States,New Jersey,July/11/2020,"$1,369 "
Mark Hamilton,United States,New York,July/11/2020,$67 
Michael Nguyen,United States,Texas,July/11/2020,$586 
Natalie Webber,United States,Iowa,July/11/2023,$30 
Shahid Collister,United States,Washington,July/11/2021,$128 
Todd Sumrall,United States,Delaware,July/11/2021,"$1,137 "
Tom Stivers,United States,California,July/11/2023,$102 
Barry Weirich,United States,North Carolina,8/11/2021,$46 
Daniel Raglin,United States,Louisiana,8/11/2023,$478 
Greg Matthias,United States,Washington,8/11/2020,$76 
Ken Lonsdale,United States,New York,8/11/2020,$375 
Michelle Tran,United States,Oklahoma,8/11/2022,$152 
Philisse Overcash,United States,New York,8/11/2021,$150 
Sanjit Jacobs,United States,New York,8/11/2023,$26 
Sylvia Foulston,United States,Texas,8/11/2023,$205 
Adam Shillingsburg,United States,Illinois,September/11/2022,$8 
Cassandra Brandow,United States,California,September/11/2023,$439 
Cassandra Brandow,United States,Virginia,September/11/2023,$68 
Cindy Chapman,United States,Texas,September/11/2023,$524 
Daniel Byrd,United States,Georgia,September/11/2023,$185 
Don Miller,United States,New York,September/11/2021,"$1,082 "
Eugene Barchas,United States,California,September/11/2022,$373 
George Bell,United States,Colorado,September/11/2021,$25 
Giulietta Dortch,United States,Pennsylvania,September/11/2022,$737 
Helen Andreada,United States,Illinois,September/11/2023,$31 
Jennifer Ferguson,United States,Washington,September/11/2023,"$1,820 "
Jill Fjeld,United States,Virginia,September/11/2022,"$1,611 "
Karen Ferguson,United States,California,September/11/2023,"$2,089 "
Kelly Collister,United States,California,September/11/2022,"$3,355 "
Ken Heidel,United States,California,September/11/2023,$163 
Linda Cazamias,United States,Arizona,September/11/2022,$33 
Liz Willingham,United States,California,September/11/2020,$128 
Nick Zandusky,United States,Ohio,September/11/2022,$60 
Ryan Crowe,United States,Florida,September/11/2023,$35 
Ryan Crowe,United States,Texas,September/11/2022,$100 
Sean Braxton,United States,California,September/11/2021,$266 
Shahid Shariari,United States,Kentucky,September/11/2023,$210 
Skye Norling,United States,New Jersey,September/11/2021,$399 
Steven Cartwright,United States,California,September/11/2021,$190 
Trudy Brown,United States,Kansas,September/11/2022,$225 
Alan Shonely,United States,California,10/11/2020,$8 
Dean percer,United States,Washington,10/11/2020,$408 
Dorothy Badders,United States,Arkansas,10/11/2020,$16 
Emily Phan,United States,Illinois,10/11/2022,$33 
Helen Andreada,United States,California,10/11/2020,$465 
Jill Fjeld,United States,Pennsylvania,10/11/2020,$483 
Sean O'Donnell,United States,Florida,10/11/2021,$980 
Shahid Hopkins,United States,New York,10/11/2021,$32 
Alejandro Savely,United States,Indiana,11/11/2022,"$2,679 "
Andrew Gjertsen,United States,Michigan,11/11/2021,$542 
Arthur Prichep,United States,California,11/11/2020,$143 
Berenike Kampe,United States,California,11/11/2022,$7 
Brenda Bowman,United States,Florida,11/11/2023,"$1,158 "
Brenda Bowman,United States,Illinois,11/11/2022,$144 
Brosina Hoffman,United States,Illinois,11/11/2020,$809 
Bryan Davis,United States,New York,11/11/2022,$143 
Catherine Glotzbach,United States,Wisconsin,11/11/2023,$18 
Edward Becker,United States,New York,11/11/2022,$493 
Emily Phan,United States,Michigan,11/11/2023,$182 
Guy Armstrong,United States,California,11/11/2023,$152 
Jeremy Lonsdale,United States,South Dakota,11/11/2023,$26 
Karen Daniels,United States,Texas,11/11/2020,"$1,639 "
Kristina Nunn,United States,New York,11/11/2020,$278 
Laurel Beltran,United States,Florida,11/11/2022,$681 
Lisa DeCherney,United States,Michigan,11/11/2022,$258 
Liz Pelletier,United States,California,11/11/2022,$525 
Mary Zewe,United States,Washington,11/11/2020,"$2,159 "
Matt Abelman,United States,California,11/11/2020,$708 
Max Ludwig,United States,Ohio,11/11/2023,$10 
Meg Tillman,United States,New York,11/11/2023,$35 
Michelle Huthwaite,United States,Tennessee,11/11/2023,$89 
Patrick Gardner,United States,Texas,11/11/2023,$35 
Pete Kriz,United States,Wisconsin,11/11/2020,$666 
Sung Chung,United States,Illinois,11/11/2022,$14 
Tamara Dahlen,United States,Texas,11/11/2023,$29 
Thomas Brumley,United States,California,11/11/2023,$35 
Tom Stivers,United States,Pennsylvania,11/11/2020,$546 
Tracy Zic,United States,Colorado,11/11/2020,"$1,167 "
William Brown,United States,Iowa,11/11/2023,$46 
Alejandro Savely,United States,Illinois,12/11/2023,$116 
Allen Armold,United States,New York,12/11/2023,$150 
Anthony Rawles,United States,Washington,12/11/2022,$633 
Arianne Irving,United States,Pennsylvania,12/11/2023,$64 
Cynthia Arntzen,United States,Michigan,12/11/2021,$324 
Cynthia Arntzen,United States,Tennessee,12/11/2022,$7 
Darrin Van Huff,United States,Florida,12/11/2023,$874 
Deborah Brumfield,United States,Oregon,12/11/2022,$404 
Dennis Kane,United States,Texas,12/11/2023,$1 
Fred McMath,United States,Colorado,12/11/2022,$664 
Gary Hwang,United States,Florida,12/11/2021,$13 
Irene Maddox,United States,Colorado,12/11/2021,$730 
Janet Molinari,United States,New York,12/11/2022,"$1,045 "
Jim Kriz,United States,California,12/11/2021,$111 
Katherine Nockton,United States,Massachusetts,12/11/2023,$129 
Lena Creighton,United States,Ohio,12/11/2021,$10 
Lena Radford,United States,Florida,12/11/2022,$85 
Mike Vittorini,United States,New York,12/11/2023,$63 
Noel Staavos,United States,Ohio,12/11/2022,"$1,253 "
Nona Balk,United States,New Jersey,12/11/2023,$7 
Ralph Ritter,United States,Illinois,12/11/2023,$609 
Richard Bierner,United States,New Jersey,12/11/2023,$799 
Roy Skaria,United States,Iowa,12/11/2023,$13 
Shaun Weien,United States,Virginia,12/11/2021,$197 
Steve Chapman,United States,Ohio,12/11/2022,$74 
Stuart Calhoun,United States,Texas,12/11/2021,$206 
William Brown,United States,California,12/11/2022,"$1,938 "
Cindy Schnelling,United States,Ohio,1/12/2021,$389 
David Bremer,United States,Texas,1/12/2023,$761 
Dianna Arnett,United States,District of Columbia,1/12/2023,$78 
Linda Southworth,United States,California,1/12/2023,$10 
Yana Sorensen,United States,Delaware,1/12/2021,$465 
John Stevenson,United States,Georgia,2/12/2022,"$1,366 "
Sanjit Chand,United States,California,2/12/2020,$130 
Bill Stewart,United States,California,3/12/2023,$243 
Clytie Kelty,United States,New York,3/12/2022,$29 
Dean Katz,United States,California,3/12/2022,"$1,632 "
Edward Becker,United States,Florida,3/12/2021,$46 
Evan Bailliet,United States,North Carolina,3/12/2021,$5 
Guy Armstrong,United States,Arkansas,3/12/2023,$40 
Ken Black,United States,Massachusetts,3/12/2023,$70 
Mike Caudle,United States,Louisiana,3/12/2022,$13 
Scot Wooten,United States,California,3/12/2022,$20 
Beth Paige,United States,California,4/12/2022,$651 
Bill Donatelli,United States,Rhode Island,4/12/2023,$70 
Brian Dahlen,United States,Virginia,4/12/2022,$449 
Edward Hooks,United States,California,4/12/2020,$40 
Jason Fortune-,United States,California,4/12/2022,$250 
Kean Nguyen,United States,California,4/12/2020,"$1,840 "
Robert Dilbeck,United States,Washington,4/12/2021,$41 
Stewart Visinsky,United States,Indiana,4/12/2020,$32 
Thomas Boland,United States,North Carolina,4/12/2022,$192 
Alyssa Crouse,United States,Texas,5/12/2023,$162 
Annie Zypern,United States,New York,5/12/2021,$37 
Charles Sheldon,United States,California,5/12/2023,$551 
Chloris Kastensmidt,United States,Massachusetts,5/12/2023,$88 
Cindy Stewart,United States,California,5/12/2021,$39 
Cynthia Arntzen,United States,New Jersey,5/12/2023,$153 
Filia McAdams,United States,Pennsylvania,5/12/2022,$82 
Harry Marie,United States,New York,5/12/2022,$642 
Hunter Lopez,United States,Wisconsin,5/12/2020,$35 
James Galang,United States,Texas,5/12/2021,$769 
Jill Matthias,United States,Washington,5/12/2022,$55 
Jonathan Howell,United States,Ohio,5/12/2023,$6 
Julie Prescott,United States,Ohio,5/12/2023,$10 
Kean Thornton,United States,Massachusetts,5/12/2020,$700 
Larry Tron,United States,Colorado,5/12/2021,$202 
Rose O'Brian,United States,Washington,5/12/2021,$15 
Vivek Grady,United States,Virginia,5/12/2022,$11 
Vivian Mathis,United States,California,5/12/2022,$129 
Harry Olson,Canada,Prince Edward Island,June/12/2022,$541 
Arthur Wiediger,United States,Texas,June/12/2022,$547 
Christy Brittain,United States,New York,June/12/2022,$146 
Craig Reiter,United States,Illinois,June/12/2022,$23 
Darrin Van Huff,United States,California,June/12/2022,$15 
Erin Ashbrook,United States,California,June/12/2022,$199 
Giulietta Baptist,United States,Pennsylvania,June/12/2021,$64 
Hunter Glantz,United States,Ohio,June/12/2023,$64 
Jonathan Howell,United States,Florida,June/12/2021,$56 
Laurel Elliston,United States,Delaware,June/12/2021,$30 
Lena Creighton,United States,Florida,June/12/2023,$17 
Maria Etezadi,United States,Georgia,June/12/2023,$544 
Philisse Overcash,United States,Illinois,June/12/2022,"$1,321 "
Sam Zeldin,United States,Indiana,June/12/2021,$25 
Sarah Bern,United States,New York,June/12/2023,$955 
Sarah Brown,United States,Washington,June/12/2023,$91 
Steven Cartwright,United States,Delaware,June/12/2022,$488 
Stewart Carmichael,United States,Alabama,June/12/2022,$225 
Troy Staebel,United States,Illinois,June/12/2023,$9 
Alyssa Crouse,United States,California,July/12/2020,$706 
Ben Ferrer,United States,California,July/12/2020,$506 
Cari Schnelling,United States,Ohio,July/12/2023,$4 
Clay Ludtke,United States,Washington,July/12/2020,$134 
Fred McMath,United States,Texas,July/12/2021,$307 
Kristen Hastings,United States,California,July/12/2022,$96 
Max Engle,United States,Illinois,July/12/2020,$60 
Paul Van Hugh,United States,Texas,July/12/2020,$554 
Rob Lucas,United States,Illinois,July/12/2021,"$1,745 "
Becky Castell,United States,New York,8/12/2022,$146 
Ben Wallace,United States,California,8/12/2020,$892 
Brenda Bowman,United States,Maryland,8/12/2023,"$2,017 "
Charles Sheldon,United States,New Jersey,8/12/2020,$196 
Chris McAfee,United States,Texas,8/12/2022,"$1,400 "
Cindy Schnelling,United States,Florida,8/12/2022,$562 
Dana Kaydos,United States,Washington,8/12/2023,"$1,057 "
Deborah Brumfield,United States,Pennsylvania,8/12/2022,$37 
Duane Huffman,United States,Florida,8/12/2020,$458 
Justin MacKendrick,United States,California,8/12/2023,$598 
Lauren Leatherbury,United States,Georgia,8/12/2020,$287 
Lena Cacioppo,United States,Iowa,8/12/2022,$6 
Nora Preis,United States,New York,8/12/2022,"$1,800 "
Rick Hansen,United States,Florida,8/12/2023,$21 
Anthony Johnson,United States,Virginia,September/12/2022,"$1,159 "
Art Foster,United States,Ohio,September/12/2020,$64 
Bart Folk,United States,Maryland,September/12/2023,$226 
Ben Peterman,United States,Colorado,September/12/2022,$503 
Brad Norvell,United States,North Carolina,September/12/2020,$192 
Craig Carreira,United States,Washington,September/12/2021,$22 
Don Jones,United States,Rhode Island,September/12/2023,$91 
Jessica Myrick,United States,California,September/12/2023,$8 
John Murray,United States,California,September/12/2023,$166 
Luke Weiss,United States,New York,September/12/2020,"$3,785 "
Matt Collister,United States,New York,September/12/2022,$40 
Paul Gonzalez,United States,New York,September/12/2021,$493 
Pete Takahito,United States,Texas,September/12/2020,$5 
Philisse Overcash,United States,Colorado,September/12/2022,$230 
Sarah Foster,United States,Washington,September/12/2022,$42 
Shirley Daniels,United States,New York,September/12/2020,$70 
Steve Chapman,United States,Michigan,September/12/2022,$69 
Tamara Manning,United States,New York,September/12/2021,$193 
Tom Ashbrook,United States,Kansas,September/12/2020,$788 
Barry Pond,United States,Illinois,10/12/2020,$22 
Christina Anderson,United States,New York,10/12/2023,$10 
Daniel Lacy,United States,Indiana,10/12/2021,$412 
Duane Noonan,United States,California,10/12/2020,$36 
Kelly Andreada,United States,Washington,10/12/2021,$100 
Mark Packer,United States,New York,10/12/2021,"$1,669 "
Matthew Grinstein,United States,Texas,10/12/2023,"$1,172 "
Michelle Lonsdale,United States,New Mexico,10/12/2023,$675 
Natalie Fritzler,United States,West Virginia,10/12/2023,$673 
Neil Knudson,United States,California,10/12/2023,$103 
Nora Paige,United States,New Jersey,10/12/2023,"$2,258 "
Ralph Kennedy,United States,New York,10/12/2021,$210 
Robert Waldorf,United States,California,10/12/2023,$442 
Sean Miller,United States,North Carolina,10/12/2023,$8 
Steve Nguyen,United States,Illinois,10/12/2023,$255 
Sung Pak,United States,Texas,10/12/2023,$40 
Anna Häberlin,United States,Florida,11/12/2021,$793 
Christine Sundaresam,United States,Washington,11/12/2023,$47 
Darren Budd,United States,Texas,11/12/2020,$203 
Darren Powers,United States,Texas,11/12/2020,$153 
David Bremer,United States,California,11/12/2023,$11 
Denise Monton,United States,North Carolina,11/12/2020,$8 
Dennis Kane,United States,Pennsylvania,11/12/2023,$221 
Dianna Wilson,United States,California,11/12/2022,$878 
Don Jones,United States,Arizona,11/12/2023,$62 
Ed Braxton,United States,New York,11/12/2023,$16 
Emily Phan,United States,California,11/12/2023,$12 
Eugene Barchas,United States,New York,11/12/2021,$16 
Eugene Moren,United States,Arizona,11/12/2023,$972 
Frank Hawley,United States,Indiana,11/12/2022,$383 
Jim Epp,United States,California,11/12/2023,$14 
Joseph Airdo,United States,California,11/12/2020,$641 
Larry Blacks,United States,Florida,11/12/2023,$27 
Lindsay Shagiari,United States,Texas,11/12/2023,$256 
Maria Bertelson,United States,Washington,11/12/2023,$94 
Maurice Satty,United States,Arizona,11/12/2022,$43 
Monica Federle,United States,Texas,11/12/2021,$304 
Nat Gilpin,United States,Ohio,11/12/2023,$371 
Nathan Gelder,United States,Texas,11/12/2023,$779 
Roy Französisch,United States,Texas,11/12/2020,$50 
Stephanie Phelps,United States,Illinois,11/12/2022,$23 
Susan Pistek,United States,Ohio,11/12/2022,"$3,588 "
Sylvia Foulston,United States,Ohio,11/12/2023,$29 
Yoseph Carroll,United States,California,11/12/2021,$16 
Xylona Preis,Canada,Alberta,12/12/2022,$54 
Xylona Preis,Canada,Alberta,12/12/2021,$74 
Craig Yedwab,United States,Texas,12/12/2020,$210 
Dennis Kane,United States,California,12/12/2021,$32 
Eric Murdock,United States,Maryland,12/12/2021,$8 
Erin Creighton,United States,Georgia,12/12/2022,$299 
Helen Abelman,United States,California,12/12/2021,$527 
Jim Mitchum,United States,Ohio,12/12/2022,$403 
Jonathan Doherty,United States,Nevada,12/12/2021,$130 
Joni Blumstein,United States,Texas,12/12/2021,$22 
Karen Daniels,United States,California,12/12/2021,$326 
Liz Thompson,United States,California,12/12/2021,$349 
Logan Haushalter,United States,California,12/12/2020,$31 
Matthew Grinstein,United States,Michigan,12/12/2022,$732 
Noel Staavos,United States,New York,12/12/2022,$107 
Nora Preis,United States,California,12/12/2020,"$4,631 "
Philip Brown,United States,Florida,12/12/2020,$23 
Roy Französisch,United States,California,12/12/2022,$440 
William Brown,United States,California,12/12/2020,$43 
Xylona Preis,United States,California,12/12/2021,$54 
Brian Dahlen,United States,California,1/13/2020,"$1,680 "
Cathy Prescott,United States,Missouri,1/13/2023,"$4,619 "
Chris Selesnick,United States,Louisiana,1/13/2020,"$1,287 "
Karen Seio,United States,Georgia,1/13/2021,$10 
Michael Moore,United States,Ohio,1/13/2020,$41 
Natalie DeCherney,United States,South Carolina,1/13/2020,$546 
Philip Brown,United States,California,1/13/2021,$612 
Fred Harton,United States,Washington,2/13/2023,$914 
Jennifer Patt,United States,New York,2/13/2023,$18 
Mark Hamilton,United States,Minnesota,2/13/2023,$91 
Ross DeVincentis,United States,California,2/13/2022,$147 
Stewart Visinsky,United States,Maryland,2/13/2023,$36 
Nicole Fjeld,Canada,Alberta,3/13/2021,"$1,243 "
Nicole Fjeld,Canada,Alberta,3/13/2020,"$1,243 "
Nicole Fjeld,Canada,Alberta,3/13/2022,"$1,243 "
Nicole Fjeld,Canada,Alberta,3/13/2023,"$1,243 "
Adam Bellavance,United States,Virginia,3/13/2022,$334 
Benjamin Farhat,United States,New Mexico,3/13/2023,$780 
Dennis Bolton,United States,California,3/13/2022,$51 
Edward Hooks,United States,California,3/13/2022,"$4,941 "
Frank Hawley,United States,Illinois,3/13/2023,$8 
Joy Bell-,United States,Maryland,3/13/2023,$174 
Karen Ferguson,United States,California,3/13/2023,$315 
Liz Thompson,United States,Texas,3/13/2022,$629 
Marc Crier,United States,Washington,3/13/2021,$142 
Meg Tillman,United States,New York,3/13/2023,$300 
Nicole Fjeld,United States,California,3/13/2021,"$1,243 "
Sanjit Engle,United States,Colorado,3/13/2023,"$1,332 "
Shahid Collister,United States,Connecticut,3/13/2023,$523 
Stephanie Ulpright,United States,Illinois,3/13/2023,"$1,359 "
Stewart Carmichael,United States,Pennsylvania,3/13/2022,"$2,551 "
Tamara Willingham,United States,Arizona,3/13/2022,$361 
Anthony Witt,United States,New Mexico,4/13/2021,$13 
Ben Ferrer,United States,Maryland,4/13/2020,$8 
Bill Tyler,United States,California,4/13/2021,$372 
Dave Poirier,United States,Pennsylvania,4/13/2023,$8 
Eugene Barchas,United States,California,4/13/2021,$721 
Frank Preis,United States,Texas,4/13/2021,"$1,061 "
Heather Jas,United States,Arizona,4/13/2021,$86 
Jonathan Doherty,United States,Pennsylvania,4/13/2020,$631 
Rob Williams,United States,Washington,4/13/2023,$901 
Sonia Sunley,United States,Nebraska,4/13/2021,$17 
Susan Pistek,United States,California,4/13/2022,$6 
Thea Hendricks,United States,Arizona,4/13/2021,$11 
Yana Sorensen,United States,California,4/13/2023,$437 
Zuschuss Carroll,United States,California,4/13/2021,$911 
Aaron Hawkins,United States,California,5/13/2020,$287 
Alejandro Grove,United States,Utah,5/13/2020,$56 
Ben Ferrer,United States,Illinois,5/13/2021,$238 
Brian Moss,United States,Indiana,5/13/2023,"$2,229 "
Carl Weiss,United States,Delaware,5/13/2023,$300 
Erica Hernandez,United States,Florida,5/13/2020,$405 
Frank Hawley,United States,Tennessee,5/13/2023,$21 
Mick Hernandez,United States,Pennsylvania,5/13/2023,$458 
Naresj Patel,United States,California,5/13/2020,$150 
Ross Baird,United States,California,5/13/2023,$58 
Barbara Fisher,United States,Georgia,June/13/2021,$6 
Dave Hallsten,United States,Alabama,June/13/2021,$976 
Filia McAdams,United States,California,June/13/2020,$15 
Frank Carlisle,United States,Ohio,June/13/2021,$3 
Greg Tran,United States,New York,June/13/2022,$34 
Jennifer Jackson,United States,California,June/13/2021,$37 
Paul Gonzalez,United States,Virginia,June/13/2023,$182 
Penelope Sewall,United States,Maine,June/13/2021,$106 
Sample Company A,United States,Michigan,June/13/2022,$378 
Shirley Daniels,United States,Illinois,June/13/2023,$683 
Sonia Sunley,United States,Kansas,June/13/2022,$19 
Tamara Willingham,United States,Washington,June/13/2023,$291 
Grace Kelly,United States,California,July/13/2020,$351 
Mark Hamilton,United States,Pennsylvania,July/13/2023,$131 
Natalie DeCherney,United States,New York,July/13/2021,"$1,953 "
Neil Ducich,United States,Georgia,July/13/2021,$39 
Rick Reed,United States,Kansas,July/13/2023,$374 
Sara Luxemburg,United States,Texas,July/13/2021,$42 
Carol Triggs,United States,Texas,8/13/2022,$244 
Clytie Kelty,United States,Georgia,8/13/2021,$6 
Dan Campbell,United States,Tennessee,8/13/2023,"$2,383 "
Ed Jacobs,United States,Pennsylvania,8/13/2021,$423 
Erin Mull,United States,North Carolina,8/13/2022,$22 
Grace Kelly,United States,North Carolina,8/13/2021,$65 
Hunter Glantz,United States,Louisiana,8/13/2022,$89 
Jay Kimmel,United States,California,8/13/2023,$207 
Keith Dawkins,United States,Pennsylvania,8/13/2023,$18 
Michael Kennedy,United States,California,8/13/2023,$36 
Odella Nelson,United States,California,8/13/2021,$51 
Ralph Arnett,United States,Indiana,8/13/2021,$11 
Roy Französisch,United States,Virginia,8/13/2022,$126 
Sandra Flanagan,United States,California,8/13/2021,$32 
Theresa Swint,United States,Wisconsin,8/13/2022,$250 
Alejandro Grove,United States,Nebraska,September/13/2022,"$2,375 "
Anne McFarland,United States,North Carolina,September/13/2021,$13 
Arthur Gainer,United States,Illinois,September/13/2021,$178 
Becky Castell,United States,Texas,September/13/2020,$340 
Dan Campbell,United States,New York,September/13/2020,$5 
Erin Ashbrook,United States,North Carolina,September/13/2020,$19 
Harry Greene,United States,Pennsylvania,September/13/2021,$2 
Jessica Myrick,United States,Pennsylvania,September/13/2020,$268 
Jonathan Howell,United States,Georgia,September/13/2021,$200 
Ken Dana,United States,California,September/13/2021,"$1,336 "
Lena Hernandez,United States,Ohio,September/13/2020,$3 
Odella Nelson,United States,Arizona,September/13/2020,$79 
Resi Pölking,United States,Washington,September/13/2020,$562 
Speros Goranitis,United States,North Carolina,September/13/2023,$16 
Zuschuss Carroll,United States,Indiana,September/13/2021,"$1,716 "
Alan Hwang,United States,Kentucky,10/13/2023,$349 
Andrew Gjertsen,United States,Pennsylvania,10/13/2023,$114 
Art Foster,United States,Kentucky,10/13/2021,$372 
Bart Watters,United States,New York,10/13/2022,$280 
Craig Reiter,United States,New York,10/13/2023,$905 
Helen Andreada,United States,Texas,10/13/2022,$362 
Jane Waco,United States,California,10/13/2023,"$5,326 "
Lena Creighton,United States,California,10/13/2022,$256 
Marina Lichtenstein,United States,New Jersey,10/13/2020,$265 
Michelle Arnett,United States,Virginia,10/13/2020,$390 
Michelle Huthwaite,United States,Louisiana,10/13/2023,"$1,542 "
Noah Childs,United States,Colorado,10/13/2022,$752 
Sibella Parks,United States,New York,10/13/2020,$8 
Troy Staebel,United States,Illinois,10/13/2023,$171 
Zuschuss Carroll,United States,Washington,10/13/2020,"$1,550 "
Adrian Shami,United States,Washington,11/13/2022,$4 
Alan Dominguez,United States,New York,11/13/2023,$164 
Allen Armold,United States,Tennessee,11/13/2021,$85 
Arthur Wiediger,United States,Montana,11/13/2021,$404 
Cassandra Brandow,United States,Alabama,11/13/2023,$240 
Christopher Schild,United States,Illinois,11/13/2023,$230 
Chuck Clark,United States,Pennsylvania,11/13/2022,$217 
Cindy Stewart,United States,North Carolina,11/13/2022,$52 
Corinna Mitchell,United States,New York,11/13/2022,"$2,295 "
Cyma Kinney,United States,New York,11/13/2022,$280 
Erin Mull,United States,New York,11/13/2023,$11 
Frank Merwin,United States,Washington,11/13/2022,$44 
Fred McMath,United States,Florida,11/13/2021,$233 
Helen Abelman,United States,Illinois,11/13/2021,$17 
Joe Kamberova,United States,North Carolina,11/13/2021,$115 
Katrina Edelman,United States,Texas,11/13/2023,$268 
Keith Herrera,United States,California,11/13/2021,$723 
Ken Brennan,United States,New York,11/13/2023,$630 
Ken Lonsdale,United States,California,11/13/2023,$22 
Ken Lonsdale,United States,Delaware,11/13/2021,$810 
Laurel Beltran,United States,Illinois,11/13/2022,$3 
Lena Cacioppo,United States,Colorado,11/13/2021,$378 
Maria Etezadi,United States,Texas,11/13/2023,$9 
Michael Nguyen,United States,Tennessee,11/13/2023,$729 
Patrick O'Brill,United States,Texas,11/13/2021,$614 
Philisse Overcash,United States,Washington,11/13/2022,$20 
Russell Applegate,United States,Indiana,11/13/2021,$211 
Sanjit Engle,United States,California,11/13/2023,$83 
Sean Braxton,United States,Ohio,11/13/2023,$725 
Stefania Perrino,United States,New York,11/13/2023,$199 
Ted Trevino,United States,Washington,11/13/2023,"$3,321 "
Toby Carlisle,United States,Florida,11/13/2023,$2 
Tom Stivers,United States,Oklahoma,11/13/2022,$30 
Bart Pistole,United States,New York,12/13/2023,$288 
Dean percer,United States,Massachusetts,12/13/2021,$57 
Ellis Ballard,United States,Illinois,12/13/2020,$94 
Emily Phan,United States,California,12/13/2023,$262 
Jasper Cacioppo,United States,California,12/13/2022,$10 
Katherine Ducich,United States,California,12/13/2020,$90 
Ken Heidel,United States,Oklahoma,12/13/2022,$64 
Kimberly Carter,United States,Kentucky,12/13/2020,$12 
Matt Collins,United States,California,12/13/2021,$10 
Mitch Webber,United States,Washington,12/13/2023,$31 
Rachel Payne,United States,California,12/13/2021,$147 
Ralph Arnett,United States,Texas,12/13/2020,$3 
Randy Ferguson,United States,Arizona,12/13/2020,$93 
Rob Dowd,United States,California,12/13/2021,$809 
Rob Williams,United States,California,12/13/2022,"$1,120 "
Anna Gayman,United States,North Carolina,1/14/2022,$405 
Brendan Sweed,United States,Pennsylvania,1/14/2020,$62 
Brosina Hoffman,United States,Tennessee,1/14/2023,$175 
Hallie Redmond,United States,Indiana,1/14/2023,$359 
Rob Beeghly,United States,North Carolina,1/14/2023,$30 
Sean O'Donnell,United States,California,1/14/2023,$155 
Tracy Poddar,United States,Colorado,1/14/2023,$338 
Dave Kipp,United States,Maryland,2/14/2022,$574 
Fred McMath,United States,Mississippi,2/14/2022,$264 
Karl Braun,United States,Ohio,2/14/2021,$428 
Marina Lichtenstein,United States,Washington,2/14/2020,$561 
Shui Tom,United States,Texas,2/14/2020,$16 
Ted Trevino,United States,New York,2/14/2021,$652 
Arianne Irving,United States,California,3/14/2021,$19 
Brad Norvell,United States,Illinois,3/14/2023,$50 
Christine Kargatis,United States,Virginia,3/14/2020,"$1,140 "
Dean Katz,United States,California,3/14/2020,$14 
Emily Phan,United States,New Hampshire,3/14/2021,$688 
Henia Zydlo,United States,Ohio,3/14/2022,$22 
Jason Fortune-,United States,Utah,3/14/2020,$280 
John Stevenson,United States,Texas,3/14/2022,$392 
Muhammed MacIntyre,United States,Washington,3/14/2022,$197 
Neil Französisch,United States,Florida,3/14/2020,$91 
Rick Bensley,United States,Illinois,3/14/2020,$583 
Sibella Parks,United States,Wisconsin,3/14/2022,$17 
Stephanie Phelps,United States,California,3/14/2022,$42 
Alan Barnes,United States,Ohio,4/14/2023,$118 
Christine Sundaresam,United States,New York,4/14/2023,$253 
Craig Leslie,United States,Missouri,4/14/2023,$9 
Dorothy Wardle,United States,North Carolina,4/14/2023,$198 
Harry Marie,United States,New Jersey,4/14/2023,$74 
Jill Matthias,United States,Maryland,4/14/2022,$25 
Kean Takahito,United States,Arizona,4/14/2022,$977 
Philip Brown,United States,California,4/14/2022,$384 
Theone Pippenger,United States,Oregon,4/14/2021,$35 
Tom Boeckenhauer,United States,Virginia,4/14/2022,$81 
Amy Hunt,United States,New York,5/14/2023,$563 
Anthony Jacobs,United States,Maryland,5/14/2023,$482 
Anthony Johnson,United States,Florida,5/14/2020,$311 
Claudia Bergmann,United States,California,5/14/2021,"$1,453 "
Darren Powers,United States,Ohio,5/14/2023,$88 
Eva Jacobs,United States,Mississippi,5/14/2023,$49 
Greg Tran,United States,Texas,5/14/2023,"$1,078 "
Hunter Glantz,United States,California,5/14/2021,"$1,118 "
Jesus Ocampo,United States,Pennsylvania,5/14/2021,$570 
Ken Black,United States,Washington,5/14/2023,$505 
Logan Haushalter,United States,Ohio,5/14/2022,$79 
Michael Kennedy,United States,Florida,5/14/2022,$191 
Pauline Johnson,United States,California,5/14/2023,"$1,418 "
Tiffany House,United States,Arizona,5/14/2022,$186 
Alan Dominguez,United States,Pennsylvania,June/14/2021,$51 
Anthony Rawles,United States,Washington,June/14/2022,"$1,115 "
Ed Braxton,United States,California,June/14/2022,"$1,293 "
Jim Sink,United States,Pennsylvania,June/14/2022,$337 
Marc Harrigan,United States,California,June/14/2022,$599 
Paul Van Hugh,United States,California,June/14/2022,$54 
Sharelle Roach,United States,Michigan,June/14/2020,$213 
Vivian Mathis,United States,Florida,June/14/2022,$58 
Anemone Ratner,United States,Georgia,July/14/2022,$88 
Arthur Wiediger,United States,Illinois,July/14/2020,$68 
Barbara Fisher,United States,New York,July/14/2020,$18 
Bryan Mills,United States,Texas,July/14/2022,$420 
Dan Reichenbach,United States,New York,July/14/2022,$14 
Erin Smith,United States,Arizona,July/14/2022,$381 
John Lee,United States,Ohio,July/14/2023,"$2,611 "
John Stevenson,United States,Texas,July/14/2022,$220 
Philip Brown,United States,Arizona,July/14/2020,$56 
Raymond Buch,United States,California,July/14/2022,$293 
Richard Eichhorn,United States,New York,July/14/2022,$30 
Rob Haberlin,United States,Alabama,July/14/2022,$29 
Shirley Schmidt,United States,Delaware,July/14/2020,$39 
Shui Tom,United States,Pennsylvania,July/14/2020,$111 
Steven Ward,United States,New York,July/14/2022,$664 
Theone Pippenger,United States,Pennsylvania,July/14/2022,$12 
Toby Carlisle,United States,California,July/14/2023,$988 
Toby Gnade,United States,Arizona,July/14/2021,$861 
Janet Martin,United States,California,8/14/2023,$418 
Jill Matthias,United States,California,8/14/2022,$121 
Nora Preis,United States,California,8/14/2023,$22 
Stephanie Phelps,United States,Ohio,8/14/2022,$787 
Toby Ritter,United States,Tennessee,8/14/2022,$16 
Astrea Jones,United States,New York,September/14/2020,$460 
Brad Eason,United States,Iowa,September/14/2021,$26 
Christina Anderson,United States,Utah,September/14/2021,$913 
Christopher Martinez,United States,South Carolina,September/14/2021,$269 
Clay Ludtke,United States,New York,September/14/2022,"$1,111 "
Craig Carroll,United States,New York,September/14/2021,"$1,884 "
Craig Yedwab,United States,Ohio,September/14/2023,$896 
Cynthia Arntzen,United States,Florida,September/14/2020,$26 
Darrin Martin,United States,New York,September/14/2020,"$4,284 "
Dorothy Badders,United States,North Carolina,September/14/2023,"$1,017 "
Henia Zydlo,United States,New York,September/14/2023,$20 
Jennifer Braxton,United States,Illinois,September/14/2020,$73 
John Castell,United States,Georgia,September/14/2020,$150 
Joy Bell-,United States,California,September/14/2023,$57 
Liz Thompson,United States,New Jersey,September/14/2023,$71 
Pamela Stobb,United States,Pennsylvania,September/14/2023,$517 
Parhena Norris,United States,South Carolina,September/14/2022,$26 
Roger Barcio,United States,New York,September/14/2023,"$1,770 "
Scott Cohen,United States,Texas,September/14/2020,$31 
Stefania Perrino,United States,California,September/14/2021,$170 
Tracy Blumstein,United States,Michigan,September/14/2023,$19 
Anthony Garverick,United States,Illinois,10/14/2023,$41 
Berenike Kampe,United States,California,10/14/2023,$46 
Bobby Elias,United States,Wisconsin,10/14/2022,"$1,650 "
Bradley Drucker,United States,Illinois,10/14/2020,$344 
Christine Phan,United States,Washington,10/14/2022,$177 
Ed Ludwig,United States,Maryland,10/14/2023,$38 
Hunter Glantz,United States,Texas,10/14/2020,"$2,003 "
Jim Epp,United States,New Hampshire,10/14/2020,$293 
Joni Wasserman,United States,California,10/14/2023,$9 
Nathan Cano,United States,North Carolina,10/14/2022,$305 
Pauline Webber,United States,New York,10/14/2022,"$1,204 "
Toby Carlisle,United States,Massachusetts,10/14/2020,"$1,885 "
Scott Cohen,Canada,Quebec,11/14/2023,$7 
Allen Armold,United States,Georgia,11/14/2022,$514 
Arthur Wiediger,United States,Minnesota,11/14/2023,$15 
Candace McMahon,United States,Texas,11/14/2020,$21 
Chris Cortes,United States,Virginia,11/14/2020,$32 
Clytie Kelty,United States,Ohio,11/14/2023,$124 
Darren Powers,United States,New York,11/14/2022,$38 
Eugene Barchas,United States,Pennsylvania,11/14/2022,"$1,629 "
Frank Olsen,United States,New York,11/14/2023,$9 
Gary Zandusky,United States,New Mexico,11/14/2021,"$1,114 "
Jeremy Lonsdale,United States,Michigan,11/14/2020,$24 
Joe Elijah,United States,California,11/14/2023,$34 
Justin MacKendrick,United States,Delaware,11/14/2022,$36 
Kelly Collister,United States,Texas,11/14/2022,$2 
Ken Black,United States,Oregon,11/14/2021,$260 
Lindsay Williams,United States,California,11/14/2023,$322 
Lycoris Saunders,United States,Delaware,11/14/2021,$96 
Maria Bertelson,United States,New York,11/14/2022,$448 
Maris LaWare,United States,Connecticut,11/14/2020,$877 
Maureen Gastineau,United States,Pennsylvania,11/14/2021,$48 
Patrick Jones,United States,New York,11/14/2021,$135 
Patrick Jones,United States,Virginia,11/14/2021,$860 
Pauline Webber,United States,New York,11/14/2023,$96 
Ralph Ritter,United States,California,11/14/2022,$7 
Robert Marley,United States,New York,11/14/2020,$81 
Ryan Crowe,United States,Maryland,11/14/2022,$90 
Tim Brockman,United States,California,11/14/2022,$10 
Toby Carlisle,United States,Texas,11/14/2023,$22 
Xylona Preis,United States,Texas,11/14/2023,$213 
Ben Ferrer,Canada,Ontario,12/14/2023,$679 
Ben Ferrer,Canada,Ontario,12/14/2020,"$1,843 "
Ashley Jarboe,United States,California,12/14/2021,$50 
Ben Ferrer,United States,Massachusetts,12/14/2023,"$1,843 "
Bryan Mills,United States,Florida,12/14/2020,$186 
Cari Sayre,United States,Illinois,12/14/2020,$9 
Darren Budd,United States,California,12/14/2021,$370 
Dave Brooks,United States,Illinois,12/14/2023,$457 
David Smith,United States,California,12/14/2022,$216 
Doug Jacobs,United States,Oregon,12/14/2021,$320 
Eric Hoffmann,United States,California,12/14/2021,$29 
Gary Mitchum,United States,Illinois,12/14/2023,$283 
Joy Daniels,United States,Illinois,12/14/2020,$43 
Keith Dawkins,United States,Mississippi,12/14/2021,$62 
Kelly Lampkin,United States,Arkansas,12/14/2023,$205 
Lena Creighton,United States,Texas,12/14/2023,$975 
Michael Chen,United States,Mississippi,12/14/2022,$133 
Mike Pelletier,United States,California,12/14/2023,$135 
Muhammed MacIntyre,United States,Georgia,12/14/2021,$4 
Paul Prost,United States,California,12/14/2021,$15 
Pete Kriz,United States,New York,12/14/2022,$479 
Rick Duston,United States,California,12/14/2021,$8 
Sung Shariari,United States,Ohio,12/14/2020,$403 
Tom Boeckenhauer,United States,New York,12/14/2020,"$7,000 "
Bill Eplett,United States,New York,1/15/2022,$82 
Dean percer,United States,New Jersey,1/15/2022,$312 
Erica Hackney,United States,Georgia,1/15/2020,$150 
Robert Waldorf,United States,Pennsylvania,1/15/2023,"$1,959 "
Roy Collins,United States,Connecticut,1/15/2022,$182 
Sanjit Chand,United States,Massachusetts,1/15/2023,$13 
Tim Brockman,United States,Texas,1/15/2023,$148 
Tonja Turnell,United States,California,1/15/2023,$21 
William Brown,United States,New York,1/15/2022,$126 
Barry Französisch,United States,Washington,2/15/2020,$21 
Justin MacKendrick,United States,California,2/15/2021,$627 
Patrick Gardner,United States,New York,2/15/2022,$407 
Roy Phan,United States,Wisconsin,2/15/2021,$975 
Alan Shonely,United States,Florida,3/15/2020,$371 
Fred Chung,United States,California,3/15/2022,"$1,357 "
Karen Seio,United States,Utah,3/15/2021,$17 
Muhammed Yedwab,United States,Texas,3/15/2022,$551 
Paul Lucas,United States,Pennsylvania,3/15/2022,$84 
Sanjit Jacobs,United States,Mississippi,3/15/2022,$365 
Adam Hart,United States,Nevada,4/15/2023,$196 
Andrew Allen,United States,North Carolina,4/15/2023,$16 
Bart Pistole,United States,Florida,4/15/2023,$16 
Bill Donatelli,United States,California,4/15/2022,"$1,122 "
Julie Kriz,United States,California,4/15/2022,$144 
Muhammed Yedwab,United States,Texas,4/15/2022,$42 
Noel Staavos,United States,California,4/15/2023,$79 
Paul Stevenson,United States,California,4/15/2020,$295 
Ross Baird,United States,North Carolina,4/15/2022,$895 
Shahid Hopkins,United States,Virginia,4/15/2023,$5 
Shirley Daniels,United States,Texas,4/15/2023,$21 
Anna Häberlin,United States,Georgia,5/15/2021,$18 
Darren Powers,United States,Florida,5/15/2022,$8 
Fred Chung,United States,Pennsylvania,5/15/2021,$52 
Jason Fortune-,United States,Washington,5/15/2023,$304 
Joseph Airdo,United States,Arizona,5/15/2023,$50 
Joy Daniels,United States,Illinois,5/15/2023,$68 
Michael Nguyen,United States,Ohio,5/15/2022,$15 
Steve Nguyen,United States,Mississippi,5/15/2022,$612 
Thomas Thornton,United States,New York,5/15/2022,$14 
Amy Cox,United States,Florida,June/15/2021,$12 
Clay Cheatham,United States,California,June/15/2023,$48 
Dean percer,United States,Minnesota,June/15/2023,$147 
Grace Kelly,United States,California,June/15/2021,$226 
Joe Elijah,United States,North Carolina,June/15/2023,$776 
Kelly Lampkin,United States,Texas,June/15/2020,$906 
Kristen Hastings,United States,California,June/15/2023,$120 
Lynn Smith,United States,Texas,June/15/2022,$173 
Pamela Stobb,United States,Texas,June/15/2020,$37 
Peter Fuller,United States,Arizona,June/15/2021,$497 
Stuart Calhoun,United States,California,June/15/2023,$4 
Tamara Dahlen,United States,Illinois,June/15/2023,$20 
Thomas Seio,United States,Tennessee,June/15/2023,"$2,943 "
Magdelene Morse,United States,Delaware,July/15/2023,$337 
Mark Cousins,United States,Oregon,July/15/2022,$336 
Michelle Moray,United States,New York,July/15/2023,$729 
Ricardo Sperren,United States,Virginia,July/15/2023,"$1,066 "
Rick Huthwaite,United States,Utah,July/15/2022,$44 
Victoria Wilson,United States,South Dakota,July/15/2020,$10 
Bill Donatelli,United States,California,8/15/2022,$533 
Bill Overfelt,United States,Minnesota,8/15/2023,$50 
Brian Dahlen,United States,California,8/15/2020,$505 
Christine Sundaresam,United States,Connecticut,8/15/2020,$63 
Christine Sundaresam,United States,Florida,8/15/2020,$244 
Christopher Conant,United States,North Carolina,8/15/2022,$225 
Craig Yedwab,United States,California,8/15/2022,$75 
Dionis Lloyd,United States,Pennsylvania,8/15/2023,"$1,802 "
James Galang,United States,New Jersey,8/15/2023,$98 
John Castell,United States,Florida,8/15/2022,$706 
Keith Herrera,United States,Texas,8/15/2020,$31 
Max Engle,United States,Colorado,8/15/2022,$141 
Richard Eichhorn,United States,California,8/15/2021,$174 
Tim Taslimi,United States,California,8/15/2021,$323 
Adam Hart,United States,New York,September/15/2022,$842 
Alan Barnes,United States,Tennessee,September/15/2023,$164 
Alex Avila,United States,New York,September/15/2020,$30 
Angele Hood,United States,Washington,September/15/2022,$35 
Ann Chong,United States,Pennsylvania,September/15/2021,$151 
Brenda Bowman,United States,Texas,September/15/2023,$32 
Brendan Murry,United States,New York,September/15/2021,$139 
Carl Ludwig,United States,Massachusetts,September/15/2023,"$1,082 "
Carol Triggs,United States,Indiana,September/15/2021,$215 
Charles Crestani,United States,Texas,September/15/2023,$32 
Christopher Schild,United States,California,September/15/2023,$301 
Dave Brooks,United States,Illinois,September/15/2023,$324 
Dean Braden,United States,Pennsylvania,September/15/2022,$5 
Dean percer,United States,Connecticut,September/15/2023,$99 
Doug O'Connell,United States,Utah,September/15/2023,$295 
Erica Smith,United States,California,September/15/2023,"$2,912 "
Gene McClure,United States,Washington,September/15/2023,$12 
Justin Deggeller,United States,Idaho,September/15/2022,"$1,149 "
Meg O'Connel,United States,New York,September/15/2023,$36 
Monica Federle,United States,Pennsylvania,September/15/2020,$104 
Nat Gilpin,United States,Florida,September/15/2021,$112 
Natalie Webber,United States,Alabama,September/15/2021,"$1,919 "
Rick Duston,United States,California,September/15/2023,$959 
Rob Beeghly,United States,Washington,September/15/2022,$70 
Theresa Coyne,United States,New Jersey,September/15/2023,"$1,038 "
Anna Chung,United States,Ohio,10/15/2020,$191 
Claire Gute,United States,Texas,10/15/2021,$137 
Cynthia Delaney,United States,Oklahoma,10/15/2022,"$1,058 "
Dan Lawera,United States,Florida,10/15/2020,$15 
Dionis Lloyd,United States,California,10/15/2023,$175 
Frank Gastineau,United States,California,10/15/2023,$88 
Guy Armstrong,United States,Michigan,10/15/2021,$17 
Joel Eaton,United States,Texas,10/15/2021,"$2,717 "
Lindsay Shagiari,United States,Texas,10/15/2021,$8 
Marc Crier,United States,California,10/15/2023,$15 
Patrick Bzostek,United States,Utah,10/15/2022,$219 
Pete Armstrong,United States,Illinois,10/15/2021,$340 
Quincy Jones,United States,Virginia,10/15/2022,$343 
Ricardo Sperren,United States,Connecticut,10/15/2023,$13 
Roland Schwarz,United States,California,10/15/2023,$715 
Stuart Van,United States,Utah,10/15/2023,$12 
Anna Häberlin,United States,California,11/15/2022,$361 
Dana Kaydos,United States,Florida,11/15/2023,$559 
Dean Katz,United States,Illinois,11/15/2021,$270 
Duane Huffman,United States,Virginia,11/15/2021,$40 
Jamie Frazer,United States,Tennessee,11/15/2020,$362 
Maya Herman,United States,New York,11/15/2021,$225 
Odella Nelson,United States,North Carolina,11/15/2022,$630 
Peter Bühler,United States,Texas,11/15/2020,$605 
Scott Cohen,United States,California,11/15/2020,$11 
Shahid Shariari,United States,California,11/15/2020,$803 
Stewart Carmichael,United States,California,11/15/2022,$99 
Toby Gnade,United States,California,11/15/2022,"$1,055 "
Victoria Pisteka,United States,Ohio,11/15/2021,$167 
Bruce Galang,Canada,Quebec,12/15/2022,$88 
Bruce Galang,Canada,Quebec,12/15/2023,$88 
Benjamin Patterson,United States,California,12/15/2022,$15 
Ed Braxton,United States,Pennsylvania,12/15/2020,$446 
Jas O'Carroll,United States,California,12/15/2020,$6 
Jim Kriz,United States,New York,12/15/2021,$3 
Joseph Holt,United States,Washington,12/15/2021,"$1,055 "
Khloe Miller,United States,California,12/15/2023,$274 
Michael Paige,United States,Michigan,12/15/2022,"$1,949 "
Mick Crebagga,United States,Texas,12/15/2020,$804 
Mike Pelletier,United States,Oregon,12/15/2022,$651 
Natalie Fritzler,United States,Ohio,12/15/2021,"$4,190 "
Paul Lucas,United States,Washington,12/15/2023,$23 
Rick Reed,United States,North Carolina,12/15/2021,$246 
Saphhira Shifley,United States,Illinois,12/15/2023,$10 
Shahid Hopkins,United States,Ohio,12/15/2022,$2 
Sung Pak,United States,Illinois,12/15/2020,$9 
Tony Chapman,United States,Arkansas,12/15/2022,$19 
Andy Reiter,United States,Michigan,1/16/2023,"$5,803 "
Delfina Latchford,United States,Pennsylvania,1/16/2020,$300 
Eric Hoffmann,United States,California,1/16/2022,$102 
Jack O'Briant,United States,California,1/16/2023,$428 
Erin Ashbrook,United States,Illinois,2/16/2022,$167 
Giulietta Weimer,United States,Kentucky,2/16/2022,$324 
Jill Fjeld,United States,New York,2/16/2022,$417 
John Dryer,United States,New Jersey,2/16/2022,$228 
Joy Smith,United States,Illinois,2/16/2023,$705 
Luke Foster,United States,New York,2/16/2023,$38 
Michael Nguyen,United States,Texas,2/16/2020,$9 
Nat Gilpin,United States,Connecticut,2/16/2023,$595 
Rob Dowd,United States,California,2/16/2021,$125 
Sung Pak,United States,New Hampshire,2/16/2021,$36 
Harry Olson,Canada,Prince Edward Island,3/16/2023,$541 
Christopher Martinez,United States,Georgia,3/16/2021,"$6,413 "
Jeremy Ellison,United States,Washington,3/16/2021,$172 
Jim Kriz,United States,New York,3/16/2021,$18 
Ken Dana,United States,California,3/16/2023,$541 
Kristina Nunn,United States,North Carolina,3/16/2020,$472 
Matthew Grinstein,United States,Ohio,3/16/2023,$445 
Maurice Satty,United States,Alabama,3/16/2021,$499 
Michael Stewart,United States,New York,3/16/2021,$86 
Monica Federle,United States,California,3/16/2021,$43 
Susan Pistek,United States,Ohio,3/16/2023,$315 
Valerie Mitchum,United States,Washington,3/16/2023,$713 
Arthur Prichep,United States,Georgia,4/16/2022,$13 
Bill Shonely,United States,New Jersey,4/16/2022,"$9,135 "
Brad Norvell,United States,Pennsylvania,4/16/2021,$13 
Bryan Mills,United States,Washington,4/16/2022,$29 
Denise Monton,United States,New York,4/16/2021,$128 
Edward Becker,United States,Alabama,4/16/2023,$503 
Jesus Ocampo,United States,California,4/16/2023,$41 
Joel Eaton,United States,California,4/16/2023,$309 
Lauren Leatherbury,United States,Virginia,4/16/2021,"$2,299 "
Natalie DeCherney,United States,Texas,4/16/2023,$61 
Paul Lucas,United States,Illinois,4/16/2023,$17 
Pete Kriz,United States,Tennessee,4/16/2022,$158 
Roy Französisch,United States,Ohio,4/16/2023,$14 
Sarah Brown,United States,Illinois,4/16/2021,"$1,484 "
Stephanie Phelps,United States,North Carolina,4/16/2020,$39 
Theresa Swint,United States,Ohio,4/16/2021,$239 
Cindy Chapman,United States,California,5/16/2020,$56 
Denny Ordway,United States,California,5/16/2022,$17 
Jim Radford,United States,Connecticut,5/16/2022,$553 
John Murray,United States,Ohio,5/16/2023,$221 
Pauline Webber,United States,California,5/16/2020,$233 
Sanjit Chand,United States,California,5/16/2022,$311 
Tracy Hopkins,United States,Florida,5/16/2021,$256 
Alejandro Ballentine,United States,New Mexico,June/16/2023,$228 
Bill Donatelli,United States,California,June/16/2022,$46 
Chloris Kastensmidt,United States,New York,June/16/2020,$116 
Christine Sundaresam,United States,Ohio,June/16/2023,$504 
Claudia Bergmann,United States,North Carolina,June/16/2023,$14 
James Lanier,United States,Tennessee,June/16/2022,$91 
Jennifer Jackson,United States,Delaware,June/16/2022,$9 
Joel Eaton,United States,Kentucky,June/16/2023,$741 
Lena Creighton,United States,New York,June/16/2021,"$3,184 "
Lycoris Saunders,United States,Texas,June/16/2021,$253 
Michael Kennedy,United States,Illinois,June/16/2023,$6 
Philip Brown,United States,Pennsylvania,June/16/2021,$6 
Sonia Cooley,United States,Indiana,June/16/2020,$648 
Troy Staebel,United States,California,June/16/2023,"$1,232 "
Alice McCarthy,United States,Texas,July/16/2022,$57 
Chloris Kastensmidt,United States,Pennsylvania,July/16/2022,$644 
Eleni McCrary,United States,California,July/16/2021,"$2,049 "
Jonathan Doherty,United States,South Carolina,July/16/2022,$199 
Katrina Edelman,United States,New York,July/16/2021,$681 
Mark Cousins,United States,Texas,July/16/2022,$10 
Michael Granlund,United States,Maryland,July/16/2021,$300 
Natalie Fritzler,United States,North Carolina,July/16/2023,$242 
Sandra Flanagan,United States,Pennsylvania,July/16/2023,$71 
Valerie Mitchum,United States,Illinois,July/16/2023,$3 
Anthony O'Donnell,United States,California,8/16/2022,$161 
Jeremy Pistek,United States,California,8/16/2022,$32 
John Murray,United States,Arizona,8/16/2021,"$2,200 "
Joni Wasserman,United States,Pennsylvania,8/16/2021,$346 
Pete Kriz,United States,California,8/16/2022,$11 
Sarah Jordon,United States,Tennessee,8/16/2023,$81 
Sung Pak,United States,Pennsylvania,8/16/2021,$832 
Troy Staebel,United States,Pennsylvania,8/16/2020,$853 
Adam Bellavance,United States,Pennsylvania,September/16/2023,$21 
Adam Shillingsburg,United States,Pennsylvania,September/16/2023,$684 
Barry Blumstein,United States,California,September/16/2023,$15 
Becky Castell,United States,California,September/16/2022,$13 
Bradley Drucker,United States,Virginia,September/16/2021,$31 
Corey Roper,United States,Georgia,September/16/2022,$122 
Craig Leslie,United States,Kentucky,September/16/2023,$18 
Craig Yedwab,United States,California,September/16/2023,$18 
Evan Henry,United States,Pennsylvania,September/16/2023,$21 
Jay Fein,United States,Texas,September/16/2023,$74 
Keith Dawkins,United States,California,September/16/2022,$291 
Randy Ferguson,United States,New York,September/16/2020,$34 
Anthony Jacobs,United States,Arizona,10/16/2023,$308 
Bobby Odegard,United States,Kentucky,10/16/2023,$125 
Gary Hansen,United States,Arizona,10/16/2023,$600 
Lynn Smith,United States,California,10/16/2020,$194 
Maribeth Yedwab,United States,New York,10/16/2023,$547 
Michael Paige,United States,New York,10/16/2021,$825 
Nona Balk,United States,New York,10/16/2022,$142 
Victoria Pisteka,United States,Tennessee,10/16/2023,"$1,894 "
Adam Hart,United States,California,11/16/2020,$5 
Alan Barnes,United States,Illinois,11/16/2020,$37 
Bill Stewart,United States,Ohio,11/16/2023,"$1,126 "
Brian Moss,United States,Ohio,11/16/2023,$2 
Charlotte Melton,United States,New York,11/16/2023,$120 
Chris Cortes,United States,Washington,11/16/2023,$355 
Christy Brittain,United States,New York,11/16/2023,$147 
Eileen Kiefer,United States,California,11/16/2023,$23 
Heather Kirkland,United States,Idaho,11/16/2021,"$1,001 "
Ionia McGrath,United States,California,11/16/2022,$8 
Jay Kimmel,United States,California,11/16/2023,$49 
John Grady,United States,California,11/16/2021,$19 
Justin Deggeller,United States,California,11/16/2020,$731 
Lena Creighton,United States,California,11/16/2023,$132 
Matt Connell,United States,Illinois,11/16/2021,$296 
Mick Brown,United States,California,11/16/2023,$17 
Mick Hernandez,United States,New York,11/16/2023,$52 
Mike Pelletier,United States,Wisconsin,11/16/2021,"$2,233 "
Mitch Willingham,United States,California,11/16/2023,"$1,920 "
Philisse Overcash,United States,New York,11/16/2021,$523 
Rick Huthwaite,United States,Kansas,11/16/2020,$274 
Ruben Dartt,United States,New Mexico,11/16/2022,$28 
Scott Williamson,United States,California,11/16/2023,$811 
Steven Roelle,United States,Indiana,11/16/2020,$309 
Andrew Roberts,United States,Oklahoma,12/16/2023,$11 
Andy Yotov,United States,California,12/16/2023,$222 
Chad Cunningham,United States,California,12/16/2020,"$1,308 "
Craig Carreira,United States,Illinois,12/16/2022,$5 
Ed Jacobs,United States,Texas,12/16/2020,$93 
Kalyca Meade,United States,California,12/16/2023,$420 
Kean Nguyen,United States,Florida,12/16/2020,$1 
Keith Dawkins,United States,New York,12/16/2022,$4 
Ken Black,United States,Florida,12/16/2020,"$1,016 "
Laurel Elliston,United States,Virginia,12/16/2020,$129 
Pete Kriz,United States,California,12/16/2022,$564 
Rick Bensley,United States,California,12/16/2023,$172 
Ross DeVincentis,United States,New York,12/16/2023,$33 
Sandra Flanagan,United States,North Carolina,12/16/2022,$35 
Sandra Glassco,United States,Washington,12/16/2021,$5 
Sean Christensen,United States,Texas,12/16/2020,$329 
Stefanie Holloman,United States,California,12/16/2020,"$1,404 "
Steve Chapman,United States,Michigan,12/16/2020,$114 
Tanja Norvell,United States,California,12/16/2022,$21 
Scott Cohen,Canada,Quebec,1/17/2021,$7 
Scott Cohen,Canada,Quebec,1/17/2022,$7 
Scott Cohen,Canada,Quebec,1/17/2023,$7 
Amy Hunt,United States,Tennessee,1/17/2021,$89 
Chuck Clark,United States,New Hampshire,1/17/2022,$725 
Dionis Lloyd,United States,Georgia,1/17/2022,$316 
Joni Sundaresam,United States,Illinois,1/17/2021,$255 
Scott Cohen,United States,Massachusetts,1/17/2021,$7 
Christine Kargatis,United States,Ohio,2/17/2023,"$1,449 "
Cyra Reiten,United States,Texas,2/17/2023,$703 
Delfina Latchford,United States,Illinois,2/17/2020,$54 
Gary Hansen,United States,New Jersey,2/17/2023,$178 
Julie Kriz,United States,Illinois,2/17/2023,$606 
Lauren Leatherbury,United States,Louisiana,2/17/2023,$29 
Ann Steele,United States,Tennessee,3/17/2023,$5 
Anna Chung,United States,California,3/17/2022,$85 
Annie Zypern,United States,Texas,3/17/2020,$25 
Bradley Nguyen,United States,Minnesota,3/17/2020,$250 
Christine Phan,United States,New York,3/17/2020,"$3,455 "
Christine Sundaresam,United States,Massachusetts,3/17/2022,$40 
Clay Ludtke,United States,California,3/17/2023,$17 
Denny Blanton,United States,New York,3/17/2023,$497 
Gary Zandusky,United States,Maryland,3/17/2022,"$2,073 "
Harold Ryan,United States,New York,3/17/2021,$49 
Mark Haberlin,United States,Mississippi,3/17/2020,$104 
Philisse Overcash,United States,Texas,3/17/2023,$24 
Quincy Jones,United States,Pennsylvania,3/17/2020,$127 
Vivian Mathis,United States,Delaware,3/17/2022,$163 
Jessica Myrick,Canada,British Columbia,4/17/2022,$79 
Jessica Myrick,Canada,British Columbia,4/17/2023,$258 
Ben Ferrer,United States,North Carolina,4/17/2022,$55 
Brendan Murry,United States,Illinois,4/17/2023,$195 
Bruce Geld,United States,Pennsylvania,4/17/2023,$60 
Charles Sheldon,United States,Tennessee,4/17/2022,$79 
George Ashbrook,United States,California,4/17/2021,"$2,573 "
Jessica Myrick,United States,California,4/17/2022,$257 
Jessica Myrick,United States,New York,4/17/2021,$173 
Pamela Stobb,United States,California,4/17/2023,$563 
Sean Wendt,United States,Nebraska,4/17/2022,$29 
Sharelle Roach,United States,Colorado,4/17/2023,"$2,613 "
Arthur Gainer,United States,Connecticut,5/17/2022,$253 
Dianna Vittorini,United States,New York,5/17/2021,$87 
Luke Weiss,United States,Illinois,5/17/2022,$64 
Odella Nelson,United States,Texas,5/17/2021,$47 
Pete Armstrong,United States,Wisconsin,5/17/2020,$92 
Roy Phan,United States,Florida,5/17/2022,$30 
Christine Phan,United States,Connecticut,June/17/2022,$585 
Denise Monton,United States,New York,June/17/2022,$377 
Duane Benoit,United States,Delaware,June/17/2020,$66 
Fred McMath,United States,New York,June/17/2022,$41 
Gary Hwang,United States,Washington,June/17/2020,"$3,291 "
Ivan Gibson,United States,California,June/17/2022,$112 
Jennifer Ferguson,United States,Illinois,June/17/2020,$62 
Katherine Ducich,United States,California,June/17/2023,$51 
Lena Creighton,United States,Colorado,June/17/2022,$749 
Luke Schmidt,United States,Illinois,June/17/2023,$24 
Mike Vittorini,United States,California,June/17/2022,$482 
Philip Fox,United States,Washington,June/17/2023,$169 
Ryan Akin,United States,Colorado,June/17/2023,$146 
Steven Roelle,United States,New York,June/17/2023,"$3,506 "
Ted Butterfield,United States,New York,June/17/2022,$655 
Alejandro Ballentine,United States,California,July/17/2023,$480 
Andrew Allen,United States,Missouri,July/17/2022,$590 
Annie Thurman,United States,New York,July/17/2022,$46 
Anthony Johnson,United States,California,July/17/2023,"$1,295 "
Bill Eplett,United States,New York,July/17/2023,$409 
Dennis Kane,United States,Washington,July/17/2022,$656 
Jessica Myrick,United States,California,July/17/2021,$195 
Matt Collister,United States,New Jersey,July/17/2022,$815 
Michael Paige,United States,Florida,July/17/2021,$232 
Ruben Ausman,United States,California,July/17/2022,$78 
Shaun Weien,United States,Florida,July/17/2023,$8 
Victoria Brennan,United States,Texas,July/17/2021,$21 
Adrian Hane,United States,Kentucky,8/17/2023,$201 
Don Jones,United States,Arkansas,8/17/2020,$485 
Edward Hooks,United States,New York,8/17/2023,"$1,358 "
Emily Ducich,United States,Texas,8/17/2023,$144 
Ken Black,United States,Texas,8/17/2020,$16 
Neoma Murray,United States,Washington,8/17/2022,$16 
Rick Wilson,United States,California,8/17/2023,"$3,398 "
Shaun Chance,United States,Massachusetts,8/17/2021,$52 
Steven Cartwright,United States,Arizona,8/17/2021,$329 
Tom Prescott,United States,Pennsylvania,8/17/2023,"$4,416 "
Alan Schoenberger,United States,Utah,September/17/2023,"$1,782 "
Anthony Garverick,United States,Pennsylvania,September/17/2020,$6 
Bradley Nguyen,United States,Washington,September/17/2020,$261 
Brendan Sweed,United States,Indiana,September/17/2022,$33 
Cari Sayre,United States,Washington,September/17/2021,$25 
Chuck Clark,United States,Washington,September/17/2022,$12 
Cindy Stewart,United States,Georgia,September/17/2022,$396 
Denny Blanton,United States,Florida,September/17/2021,$87 
Gary Zandusky,United States,New Jersey,September/17/2023,$514 
Jim Sink,United States,California,September/17/2022,$100 
Joseph Airdo,United States,Oregon,September/17/2020,$318 
Kean Takahito,United States,North Carolina,September/17/2020,$53 
Laura Armstrong,United States,Maine,September/17/2022,$547 
Lindsay Shagiari,United States,New York,September/17/2021,$344 
Luke Weiss,United States,New York,September/17/2022,$232 
Meg O'Connel,United States,California,September/17/2021,$32 
Meg O'Connel,United States,Georgia,September/17/2023,$830 
Nick Radford,United States,California,September/17/2020,$183 
Patrick O'Donnell,United States,Massachusetts,September/17/2022,$207 
Peter Fuller,United States,New York,September/17/2021,"$7,678 "
Sanjit Jacobs,United States,Texas,September/17/2023,"$1,750 "
Sanjit Jacobs,United States,Washington,September/17/2022,$219 
Shahid Collister,United States,Idaho,September/17/2023,$90 
Sylvia Foulston,United States,Texas,September/17/2021,$29 
Tom Prescott,United States,Washington,September/17/2023,$13 
Tracy Blumstein,United States,Pennsylvania,September/17/2021,"$3,329 "
Troy Staebel,United States,Ohio,September/17/2022,$295 
Astrea Jones,United States,California,10/17/2023,$11 
Barry Französisch,United States,California,10/17/2023,$53 
Charlotte Melton,United States,California,10/17/2021,$78 
Evan Bailliet,United States,Texas,10/17/2020,$5 
Frank Carlisle,United States,Missouri,10/17/2022,"$2,378 "
Michael Granlund,United States,California,10/17/2022,$121 
Neil Knudson,United States,California,10/17/2022,$18 
Nick Radford,United States,New Jersey,10/17/2022,$437 
Saphhira Shifley,United States,Rhode Island,10/17/2023,$63 
Tracy Blumstein,United States,Texas,10/17/2020,$131 
Anna Andreadi,United States,Oklahoma,11/17/2021,"$1,971 "
Barry Gonzalez,United States,Texas,11/17/2022,$82 
Brian Stugart,United States,California,11/17/2021,"$1,874 "
Cassandra Brandow,United States,Texas,11/17/2020,$7 
Christine Sundaresam,United States,Virginia,11/17/2023,$35 
Christopher Conant,United States,New York,11/17/2023,$227 
Clytie Kelty,United States,North Carolina,11/17/2023,$699 
Emily Grady,United States,Illinois,11/17/2023,$240 
Frank Gastineau,United States,New York,11/17/2020,$34 
Greg Guthrie,United States,Washington,11/17/2023,$14 
Greg Hansen,United States,Illinois,11/17/2021,$41 
Greg Tran,United States,New York,11/17/2020,"$6,161 "
Heather Jas,United States,California,11/17/2022,$50 
Hunter Lopez,United States,Delaware,11/17/2023,"$10,500 "
Joy Bell-,United States,Texas,11/17/2023,$328 
Katharine Harms,United States,Oregon,11/17/2023,$24 
Maribeth Schnelling,United States,New Mexico,11/17/2022,$11 
Mark Packer,United States,Minnesota,11/17/2020,$480 
Randy Bradley,United States,Pennsylvania,11/17/2020,$670 
Ruben Ausman,United States,Georgia,11/17/2023,$286 
Thomas Seio,United States,California,11/17/2020,"$1,075 "
Trudy Brown,United States,Maryland,11/17/2023,$44 
Victoria Wilson,United States,New York,11/17/2023,"$1,248 "
Xylona Preis,United States,Massachusetts,11/17/2023,$51 
Yoseph Carroll,United States,Delaware,11/17/2020,"$3,116 "
Adam Hart,United States,Texas,12/17/2022,$217 
Adrian Barton,United States,Michigan,12/17/2022,"$9,893 "
Annie Thurman,United States,New York,12/17/2023,$316 
Arianne Irving,United States,Virginia,12/17/2023,$505 
Charles McCrossin,United States,California,12/17/2022,"$2,004 "
Christine Abelman,United States,California,12/17/2023,$495 
Dave Poirier,United States,Wisconsin,12/17/2023,$33 
Erin Creighton,United States,Ohio,12/17/2020,$5 
Giulietta Baptist,United States,Virginia,12/17/2023,$544 
Hallie Redmond,United States,California,12/17/2023,$12 
John Lee,United States,Michigan,12/17/2021,"$1,234 "
Logan Currie,United States,California,12/17/2023,$28 
Logan Currie,United States,Texas,12/17/2023,$66 
Mick Crebagga,United States,Illinois,12/17/2021,$235 
Noel Staavos,United States,New Mexico,12/17/2022,$25 
Paul Gonzalez,United States,California,12/17/2021,$450 
Roy Französisch,United States,Georgia,12/17/2020,$40 
Steve Carroll,United States,Washington,12/17/2022,$47 
Vicky Freymann,United States,Indiana,12/17/2023,$28 
David Wiener,United States,Oregon,1/18/2020,$65 
Aaron Bergman,United States,Texas,2/18/2020,$13 
Ann Blume,United States,California,2/18/2021,$9 
Cynthia Voltz,United States,California,2/18/2023,$287 
Guy Thornton,United States,California,2/18/2021,$97 
Troy Blackwell,United States,Texas,2/18/2020,$25 
Barry Pond,United States,California,3/18/2023,$33 
Carol Darley,United States,Texas,3/18/2023,$296 
Dave Brooks,United States,Tennessee,3/18/2022,$872 
Edward Nazzal,United States,Texas,3/18/2023,$24 
Eileen Kiefer,United States,California,3/18/2020,"$1,198 "
Jason Klamczynski,United States,California,3/18/2023,$91 
Rose O'Brian,United States,Tennessee,3/18/2022,$190 
Sample Company A,United States,California,3/18/2020,"$3,247 "
Scott Williamson,United States,Washington,3/18/2023,$46 
Sean Miller,United States,Florida,3/18/2020,"$23,661 "
Thomas Thornton,United States,Texas,3/18/2023,$538 
Cindy Schnelling,United States,New York,4/18/2022,$14 
Clay Rozendal,United States,Illinois,4/18/2022,$240 
Darren Powers,United States,Indiana,4/18/2021,$210 
Deanra Eno,United States,California,4/18/2021,"$1,009 "
John Lee,United States,California,4/18/2020,$323 
Kelly Williams,United States,Louisiana,4/18/2021,$107 
Kunst Miller,United States,Texas,4/18/2020,$697 
Michael Paige,United States,Texas,4/18/2021,$544 
Nathan Cano,United States,California,4/18/2021,$115 
Roland Fjeld,United States,New York,4/18/2021,$22 
Roy Französisch,United States,Virginia,4/18/2022,$233 
Thea Hudgings,United States,Texas,4/18/2022,"$2,027 "
George Zrebassa,Canada,Quebec,5/18/2023,$19 
Adrian Barton,United States,Oregon,5/18/2023,$345 
Anthony Jacobs,United States,California,5/18/2021,$11 
Brendan Murry,United States,Illinois,5/18/2023,$25 
Brosina Hoffman,United States,Pennsylvania,5/18/2023,$36 
Bruce Stewart,United States,Ohio,5/18/2020,$780 
Eric Barreto,United States,California,5/18/2022,$122 
George Ashbrook,United States,Texas,5/18/2020,$4 
Paul Prost,United States,Missouri,5/18/2023,$865 
Susan Gilcrest,United States,Texas,5/18/2023,$18 
Ted Trevino,United States,Ohio,5/18/2020,$165 
Toby Swindell,United States,New York,5/18/2023,$18 
Todd Boyes,United States,Georgia,5/18/2023,$525 
Frank Gastineau,Canada,Quebec,June/18/2022,$14 
Neil Cohen,Canada,Nova Scotia,June/18/2020,$74 
Neil Cohen,Canada,Nova Scotia,June/18/2023,$74 
Benjamin Venier,United States,Tennessee,June/18/2021,$670 
Bobby Trafton,United States,Illinois,June/18/2022,$77 
Bruce Geld,United States,California,June/18/2021,$52 
Craig Carreira,United States,California,June/18/2023,$957 
Harold Ryan,United States,Florida,June/18/2021,$14 
Keith Herrera,United States,Virginia,June/18/2021,"$1,046 "
Mick Crebagga,United States,California,June/18/2020,$140 
Neil Knudson,United States,Texas,June/18/2023,$74 
Skye Norling,United States,Arizona,June/18/2021,$101 
Stewart Carmichael,United States,Pennsylvania,June/18/2022,$465 
Adrian Hane,United States,Arizona,July/18/2020,$259 
Jack Lebron,United States,New York,July/18/2020,$14 
Jennifer Patt,United States,Arizona,July/18/2022,$34 
Karen Carlisle,United States,New York,July/18/2021,$6 
Katharine Harms,United States,Kentucky,July/18/2022,$141 
Linda Southworth,United States,Colorado,July/18/2022,"$2,332 "
Maris LaWare,United States,Arizona,July/18/2023,"$1,299 "
Neil Knudson,United States,Pennsylvania,July/18/2022,$314 
Nora Paige,United States,Arizona,July/18/2022,$56 
Pauline Johnson,United States,New York,July/18/2021,$147 
Roland Fjeld,United States,California,July/18/2021,$520 
Seth Vernon,United States,Pennsylvania,July/18/2023,$808 
Susan Vittorini,United States,Texas,July/18/2022,$16 
Charles McCrossin,United States,Massachusetts,8/18/2023,$23 
Chloris Kastensmidt,United States,Ohio,8/18/2023,$11 
Greg Guthrie,United States,New York,8/18/2022,$40 
Helen Wasserman,United States,New York,8/18/2022,$355 
Helen Wasserman,United States,Washington,8/18/2023,"$2,340 "
Matt Abelman,United States,Texas,8/18/2022,$15 
Nat Gilpin,United States,New York,8/18/2023,$284 
Natalie Fritzler,United States,Texas,8/18/2022,$86 
Nicole Fjeld,United States,Washington,8/18/2023,$323 
Pauline Johnson,United States,Ohio,8/18/2023,$10 
Russell Applegate,United States,Texas,8/18/2023,$228 
Yana Sorensen,United States,Washington,8/18/2023,"$3,859 "
Adam Bellavance,United States,Washington,September/18/2021,$19 
Anne McFarland,United States,Alabama,September/18/2022,"$1,264 "
Barry Französisch,United States,Wisconsin,September/18/2023,$23 
Bill Donatelli,United States,California,September/18/2022,$240 
Charlotte Melton,United States,California,September/18/2021,$444 
Dan Campbell,United States,Texas,September/18/2023,$57 
George Bell,United States,California,September/18/2021,$53 
Henry MacAllister,United States,New York,September/18/2022,$5 
Jane Waco,United States,California,September/18/2022,"$2,056 "
Justin Ritter,United States,Florida,September/18/2021,$717 
Ken Heidel,United States,Maryland,September/18/2021,"$2,504 "
Magdelene Morse,United States,New York,September/18/2022,$693 
Muhammed MacIntyre,United States,New York,September/18/2023,$29 
Nona Balk,United States,Florida,September/18/2022,$383 
Patrick O'Brill,United States,Florida,September/18/2022,$3 
Pete Armstrong,United States,Texas,September/18/2023,$115 
Sally Hughsby,United States,California,September/18/2023,$163 
Saphhira Shifley,United States,Georgia,September/18/2023,$998 
Seth Vernon,United States,Ohio,September/18/2022,$107 
Tamara Manning,United States,Nebraska,September/18/2023,$16 
Tony Sayre,United States,New Mexico,September/18/2023,$111 
Trudy Glocke,United States,California,September/18/2021,$188 
Alan Schoenberger,United States,Alabama,10/18/2020,"$2,217 "
Edward Hooks,United States,Pennsylvania,10/18/2020,$249 
Emily Phan,United States,Arizona,10/18/2022,$308 
Ivan Gibson,United States,Washington,10/18/2020,$63 
John Castell,United States,Washington,10/18/2021,$278 
Kristina Nunn,United States,Texas,10/18/2021,$101 
Luke Schmidt,United States,Arkansas,10/18/2020,$605 
Ann Blume,United States,Illinois,11/18/2020,$14 
Art Ferguson,United States,Florida,11/18/2023,$47 
Arthur Wiediger,United States,Oklahoma,11/18/2022,"$1,118 "
Ashley Jarboe,United States,Michigan,11/18/2022,$302 
Bobby Elias,United States,California,11/18/2022,$61 
Carlos Soltero,United States,Pennsylvania,11/18/2020,$730 
Christina DeMoss,United States,Washington,11/18/2023,$410 
Dave Kipp,United States,New York,11/18/2023,$75 
Jane Waco,United States,Ohio,11/18/2023,$39 
Jim Sink,United States,Florida,11/18/2023,$553 
Joe Kamberova,United States,Illinois,11/18/2020,"$1,109 "
John Grady,United States,Utah,11/18/2020,$22 
Julie Creighton,United States,Minnesota,11/18/2020,$67 
Karen Carlisle,United States,Alabama,11/18/2022,"$1,320 "
Maria Etezadi,United States,Michigan,11/18/2023,$20 
MaryBeth Skach,United States,Ohio,11/18/2020,$21 
Maya Herman,United States,Washington,11/18/2020,$868 
Michael Kennedy,United States,Wisconsin,11/18/2020,$393 
Nona Balk,United States,Wisconsin,11/18/2023,$143 
Patrick Gardner,United States,California,11/18/2022,$595 
Pierre Wener,United States,Colorado,11/18/2020,$182 
Russell D'Ascenzo,United States,Illinois,11/18/2023,$183 
Sean Braxton,United States,Ohio,11/18/2022,$104 
Steve Nguyen,United States,Texas,11/18/2022,$330 
Tracy Collins,United States,California,11/18/2022,$129 
Aaron Hawkins,United States,Pennsylvania,12/18/2023,$19 
Adrian Hane,United States,Oregon,12/18/2022,$610 
Alan Haines,United States,Florida,12/18/2022,"$1,410 "
Alex Grayson,United States,North Carolina,12/18/2023,$13 
Andy Yotov,United States,California,12/18/2022,$67 
Beth Paige,United States,Ohio,12/18/2023,$234 
Doug Jacobs,United States,New York,12/18/2023,"$2,889 "
Duane Benoit,United States,New York,12/18/2023,$19 
Emily Phan,United States,California,12/18/2023,$52 
Grace Kelly,United States,New Jersey,12/18/2022,"$1,794 "
Harold Engle,United States,Wisconsin,12/18/2023,$129 
Henry Goldwyn,United States,California,12/18/2022,$802 
Jeremy Ellison,United States,California,12/18/2022,$885 
Jim Kriz,United States,Ohio,12/18/2021,$21 
Julie Kriz,United States,New York,12/18/2022,$900 
Justin Deggeller,United States,Minnesota,12/18/2022,$19 
Liz MacKendrick,United States,Ohio,12/18/2021,$647 
Michael Kennedy,United States,Colorado,12/18/2021,$7 
Mitch Webber,United States,New York,12/18/2021,$166 
Parhena Norris,United States,Nebraska,12/18/2022,$564 
Robert Barroso,United States,Tennessee,12/18/2021,$95 
Russell Applegate,United States,California,12/18/2023,$286 
Tonja Turnell,United States,California,12/18/2023,$6 
Dan Lawera,United States,Texas,1/19/2023,$6 
Neola Schneider,United States,Pennsylvania,1/19/2023,"$1,371 "
Paul MacIntyre,United States,Texas,1/19/2021,$302 
Raymond Messe,United States,Vermont,1/19/2023,$637 
Toby Swindell,United States,Arizona,1/19/2020,$379 
Cyma Kinney,United States,New York,2/19/2022,$34 
Emily Ducich,United States,California,2/19/2023,$58 
Greg Tran,United States,California,2/19/2022,$71 
Greg Tran,United States,New York,2/19/2022,$287 
Max Engle,United States,Washington,2/19/2023,$11 
Nicole Hansen,United States,Georgia,2/19/2023,"$1,246 "
Jill Trafton,Canada,Quebec,3/19/2022,$72 
Jill Trafton,Canada,Quebec,3/19/2023,$72 
Berenike Kampe,United States,California,3/19/2021,$106 
Bobby Trafton,United States,Colorado,3/19/2022,$72 
Catherine Glotzbach,United States,New York,3/19/2023,$29 
Corey Catlett,United States,Tennessee,3/19/2022,$31 
Corinna Mitchell,United States,Texas,3/19/2021,$449 
Dan Campbell,United States,Florida,3/19/2021,$14 
Fred Hopkins,United States,Washington,3/19/2021,"$4,607 "
George Zrebassa,United States,California,3/19/2023,$381 
Guy Armstrong,United States,California,3/19/2021,$11 
Jesus Ocampo,United States,Washington,3/19/2021,$454 
Matt Connell,United States,Florida,3/19/2020,$591 
Mike Caudle,United States,California,3/19/2021,$12 
Natalie DeCherney,United States,California,3/19/2023,$977 
Sue Ann Reed,United States,California,3/19/2023,$770 
Susan Vittorini,United States,New York,3/19/2022,$35 
Vivek Grady,United States,New Jersey,3/19/2023,$9 
Allen Goldenen,United States,Virginia,4/19/2020,$129 
Gary Mitchum,United States,Ohio,4/19/2022,$625 
Jas O'Carroll,United States,California,4/19/2022,$157 
Kunst Miller,United States,New York,4/19/2022,$633 
Nicole Fjeld,United States,California,4/19/2020,$76 
Patrick Gardner,United States,Texas,4/19/2021,$330 
Adam Hart,United States,Tennessee,5/19/2023,$342 
Anna Häberlin,United States,California,5/19/2022,$88 
Annie Thurman,United States,Washington,5/19/2023,$97 
Becky Castell,United States,California,5/19/2023,$727 
Bill Tyler,United States,California,5/19/2022,$10 
Bradley Nguyen,United States,New York,5/19/2022,$821 
Jason Fortune-,United States,Texas,5/19/2023,$109 
John Castell,United States,Georgia,5/19/2023,$196 
John Huston,United States,Michigan,5/19/2020,$57 
Laurel Elliston,United States,Virginia,5/19/2022,$642 
Neil Ducich,United States,Alabama,5/19/2023,$26 
Patrick Jones,United States,Illinois,5/19/2023,$38 
Roland Schwarz,United States,New York,5/19/2023,$889 
Roy Phan,United States,Indiana,5/19/2022,$21 
Shahid Collister,United States,Georgia,5/19/2023,"$2,362 "
Sue Ann Reed,United States,California,5/19/2023,$133 
Tamara Dahlen,United States,Virginia,5/19/2020,$34 
Allen Rosenblatt,United States,New York,June/19/2023,$201 
Deborah Brumfield,United States,Texas,June/19/2023,$464 
Frank Olsen,United States,Texas,June/19/2023,$165 
George Ashbrook,United States,California,June/19/2023,$75 
Jim Sink,United States,New York,June/19/2023,$141 
Karen Carlisle,United States,California,June/19/2022,$17 
Katharine Harms,United States,Ohio,June/19/2023,$921 
Katherine Murray,United States,Texas,June/19/2021,$229 
Logan Haushalter,United States,California,June/19/2021,$206 
Maria Etezadi,United States,Texas,June/19/2021,$6 
Paul Prost,United States,Pennsylvania,June/19/2021,$6 
Zuschuss Carroll,United States,Texas,June/19/2023,$149 
Christine Abelman,United States,Connecticut,July/19/2020,$455 
Eugene Moren,United States,Montana,July/19/2020,$6 
Joy Smith,United States,Mississippi,July/19/2022,"$1,111 "
Thais Sissman,United States,Arizona,July/19/2021,$2 
Tracy Collins,United States,California,July/19/2022,$426 
Doug O'Connell,Canada,Quebec,8/19/2020,$388 
Doug O'Connell,Canada,Quebec,8/19/2023,$388 
Jennifer Braxton,Canada,Quebec,8/19/2020,$19 
Jennifer Braxton,Canada,Quebec,8/19/2023,$19 
Bill Shonely,United States,Georgia,8/19/2020,$345 
David Wiener,United States,California,8/19/2020,$359 
Denny Ordway,United States,Utah,8/19/2023,$103 
Doug O'Connell,United States,Massachusetts,8/19/2023,$19 
Jennifer Braxton,United States,Massachusetts,8/19/2023,$388 
Jim Karlsson,United States,Ohio,8/19/2020,$11 
Lena Hernandez,United States,Arkansas,8/19/2020,$639 
Maxwell Schwartz,United States,Ohio,8/19/2020,$86 
Resi Pölking,United States,New York,8/19/2022,$449 
Sonia Cooley,United States,Illinois,8/19/2023,$2 
Adrian Barton,United States,Arizona,September/19/2023,$592 
Anne Pryor,United States,Pennsylvania,September/19/2022,$26 
Bill Shonely,United States,New York,September/19/2020,$887 
Chuck Clark,United States,California,September/19/2022,$18 
Clytie Kelty,United States,Rhode Island,September/19/2022,$70 
Dave Poirier,United States,California,September/19/2023,$190 
Erin Smith,United States,Florida,September/19/2023,$96 
Eugene Hildebrand,United States,Illinois,September/19/2022,$704 
Frank Atkinson,United States,California,September/19/2020,$7 
Frank Carlisle,United States,California,September/19/2021,$61 
Frank Gastineau,United States,Pennsylvania,September/19/2023,$5 
Frank Hawley,United States,California,September/19/2022,$9 
Giulietta Weimer,United States,New York,September/19/2021,$280 
Jessica Myrick,United States,New York,September/19/2023,$32 
Jim Kriz,United States,California,September/19/2020,$6 
John Lee,United States,North Carolina,September/19/2020,"$2,692 "
Julie Prescott,United States,Georgia,September/19/2023,$35 
Justin Ritter,United States,Oregon,September/19/2023,$698 
Marc Harrigan,United States,New Mexico,September/19/2021,$8 
Mike Caudle,United States,Washington,September/19/2020,$93 
Neil Ducich,United States,Arizona,September/19/2020,$74 
Nicole Hansen,United States,Georgia,September/19/2021,$66 
Rick Huthwaite,United States,Rhode Island,September/19/2022,"$2,545 "
Rick Wilson,United States,California,September/19/2021,$23 
Scot Wooten,United States,California,September/19/2022,$160 
Sean Braxton,United States,Texas,September/19/2020,"$5,580 "
Shirley Daniels,United States,New Jersey,September/19/2022,$53 
Theone Pippenger,United States,Georgia,September/19/2022,$255 
Tracy Collins,United States,Virginia,September/19/2021,$62 
Eugene Hildebrand,Canada,British Columbia,10/19/2021,$2 
Eugene Hildebrand,Canada,British Columbia,10/19/2022,$6 
Eugene Hildebrand,Canada,British Columbia,10/19/2023,$19 
Eugene Hildebrand,Canada,British Columbia,10/19/2020,$33 
Michael Paige,Canada,Quebec,10/19/2023,$41 
Michael Paige,Canada,Quebec,10/19/2020,$174 
Cari Schnelling,United States,Texas,10/19/2021,$2 
Christina Anderson,United States,Texas,10/19/2023,$330 
Eugene Hildebrand,United States,California,10/19/2020,$322 
Harry Marie,United States,Pennsylvania,10/19/2023,$457 
Hilary Holden,United States,California,10/19/2023,$95 
Jeremy Farry,United States,California,10/19/2020,$13 
Joy Smith,United States,California,10/19/2023,$40 
Mary O'Rourke,United States,Illinois,10/19/2023,$91 
Matt Abelman,United States,Texas,10/19/2023,$29 
Michael Paige,United States,Massachusetts,10/19/2023,$89 
Nicole Hansen,United States,Michigan,10/19/2021,$188 
Rachel Payne,United States,California,10/19/2020,$306 
Rick Duston,United States,Texas,10/19/2023,$17 
Robert Marley,United States,California,10/19/2021,"$1,911 "
Tracy Blumstein,United States,New Hampshire,10/19/2021,$34 
Tracy Hopkins,United States,North Carolina,10/19/2023,"$1,633 "
Adrian Barton,United States,Kentucky,11/19/2023,$844 
Adrian Shami,United States,New York,11/19/2023,$55 
Aimee Bixby,United States,Texas,11/19/2023,$139 
Alan Dominguez,United States,Pennsylvania,11/19/2020,$6 
Aleksandra Gannaway,United States,Nevada,11/19/2021,$31 
Anne Pryor,United States,New York,11/19/2023,$138 
Art Ferguson,United States,Texas,11/19/2023,$233 
Dennis Bolton,United States,Utah,11/19/2020,$166 
Dorothy Dickinson,United States,Virginia,11/19/2023,$25 
Doug Jacobs,United States,New York,11/19/2022,$148 
Eric Hoffmann,United States,Texas,11/19/2022,$297 
Georgia Rosenberg,United States,Delaware,11/19/2020,"$1,271 "
Janet Molinari,United States,Washington,11/19/2022,$32 
Jennifer Halladay,United States,Ohio,11/19/2023,$60 
John Murray,United States,New York,11/19/2020,"$4,549 "
Jonathan Howell,United States,Illinois,11/19/2023,$219 
Justin Deggeller,United States,New York,11/19/2023,"$2,521 "
Katherine Ducich,United States,California,11/19/2023,$32 
Katherine Ducich,United States,New York,11/19/2021,$868 
Linda Cazamias,United States,Texas,11/19/2023,$305 
Liz Thompson,United States,North Carolina,11/19/2022,$18 
Mick Crebagga,United States,California,11/19/2023,$324 
Mitch Webber,United States,Minnesota,11/19/2020,$503 
Natalie DeCherney,United States,New York,11/19/2022,$53 
Nathan Cano,United States,Texas,11/19/2023,"$1,729 "
Nora Pelletier,United States,New York,11/19/2022,$35 
Richard Bierner,United States,Virginia,11/19/2023,$23 
Robert Marley,United States,Louisiana,11/19/2020,$683 
Ruben Dartt,United States,Pennsylvania,11/19/2020,$47 
Stewart Carmichael,United States,Texas,11/19/2023,$750 
Tim Taslimi,United States,Indiana,11/19/2022,$55 
Tony Chapman,United States,Washington,11/19/2021,$142 
Amy Cox,United States,Louisiana,12/19/2023,"$1,666 "
Arthur Gainer,United States,Pennsylvania,12/19/2021,$7 
Barry Pond,United States,Illinois,12/19/2022,$2 
Bart Pistole,United States,California,12/19/2020,$832 
Clay Ludtke,United States,Pennsylvania,12/19/2022,$304 
Eileen Kiefer,United States,Illinois,12/19/2021,$25 
Erin Smith,United States,Arizona,12/19/2022,$472 
Irene Maddox,United States,Alabama,12/19/2020,"$1,980 "
James Galang,United States,California,12/19/2021,"$1,942 "
Jay Kimmel,United States,Pennsylvania,12/19/2021,$527 
Mark Haberlin,United States,New York,12/19/2022,$38 
Michael Moore,United States,California,12/19/2023,$37 
Mike Kennedy,United States,Florida,12/19/2020,$253 
Patrick Ryan,United States,Illinois,12/19/2021,$158 
Peter McVee,United States,New Hampshire,12/19/2021,"$3,333 "
Speros Goranitis,United States,Illinois,12/19/2020,$372 
Suzanne McNair,United States,Nebraska,12/19/2021,$128 
Tony Sayre,United States,Colorado,12/19/2023,$194 
Cynthia Voltz,United States,New York,1/20/2023,$208 
Hunter Lopez,United States,Arkansas,1/20/2020,"$1,859 "
Jeremy Farry,United States,Connecticut,1/20/2023,$4 
Maris LaWare,United States,Illinois,1/20/2023,$12 
Mark Van Huff,United States,California,1/20/2020,$39 
Muhammed MacIntyre,United States,Tennessee,1/20/2020,$67 
Tamara Manning,United States,California,1/20/2023,$384 
Thea Hendricks,United States,California,1/20/2023,$161 
Xylona Preis,United States,Michigan,1/20/2020,$709 
Alan Hwang,United States,Tennessee,2/20/2022,$16 
Bart Pistole,United States,Colorado,2/20/2023,$9 
Helen Wasserman,United States,California,2/20/2023,$238 
Julie Prescott,United States,Oklahoma,2/20/2023,$20 
Katherine Murray,United States,Arizona,2/20/2023,$883 
Kelly Andreada,United States,New Jersey,2/20/2021,$287 
Linda Cazamias,United States,Indiana,2/20/2020,$83 
Liz MacKendrick,United States,Arkansas,2/20/2021,$30 
Steven Roelle,United States,California,2/20/2020,$13 
Aaron Hawkins,United States,Mississippi,3/20/2022,$86 
Bart Watters,United States,Wisconsin,3/20/2021,$52 
Bryan Mills,United States,Oregon,3/20/2021,$29 
Dave Hallsten,United States,New York,3/20/2021,"$1,446 "
Harry Greene,United States,Texas,3/20/2023,$331 
Helen Wasserman,United States,Washington,3/20/2023,$266 
Joe Kamberova,United States,Texas,3/20/2021,$21 
Peter Bühler,United States,Illinois,3/20/2022,$12 
Robert Dilbeck,United States,Missouri,3/20/2022,$697 
Roger Demir,United States,Connecticut,3/20/2023,$300 
Troy Blackwell,United States,Indiana,3/20/2023,$3 
Zuschuss Carroll,United States,Oregon,3/20/2022,$133 
Benjamin Patterson,United States,California,4/20/2020,$60 
Brad Eason,United States,Ohio,4/20/2023,$980 
Christina VanderZanden,United States,Michigan,4/20/2023,$183 
Cynthia Voltz,United States,Pennsylvania,4/20/2023,$478 
Erica Smith,United States,Texas,4/20/2021,$117 
Olvera Toch,United States,Michigan,4/20/2021,$181 
Sanjit Jacobs,United States,Illinois,4/20/2023,$44 
Sarah Jordon,United States,Illinois,4/20/2023,$347 
Seth Vernon,United States,Texas,4/20/2020,"$1,191 "
Theresa Swint,United States,Georgia,4/20/2021,$896 
Chuck Clark,Canada,British Columbia,5/20/2020,$868 
Chuck Clark,Canada,British Columbia,5/20/2023,$868 
Allen Rosenblatt,United States,Michigan,5/20/2023,$41 
Chuck Clark,United States,California,5/20/2023,$868 
Dean Braden,United States,Florida,5/20/2022,$3 
Eugene Hildebrand,United States,Colorado,5/20/2022,$41 
Joe Kamberova,United States,North Carolina,5/20/2022,"$1,364 "
Matt Collister,United States,Texas,5/20/2020,$108 
Nat Carroll,United States,North Dakota,5/20/2023,$892 
Randy Ferguson,United States,New Hampshire,5/20/2020,$212 
Rick Bensley,United States,California,5/20/2022,"$1,065 "
Rick Duston,United States,Nevada,5/20/2023,"$1,196 "
Sheri Gordon,United States,North Carolina,5/20/2021,$170 
Becky Castell,United States,Pennsylvania,June/20/2021,$320 
Bill Shonely,United States,Oklahoma,June/20/2022,$65 
Catherine Glotzbach,United States,Pennsylvania,June/20/2022,$538 
Corey-Lock,United States,Oklahoma,June/20/2020,$475 
Dave Poirier,United States,California,June/20/2022,$44 
Erin Ashbrook,United States,Texas,June/20/2022,$106 
Jeremy Ellison,United States,New York,June/20/2023,$201 
Justin MacKendrick,United States,Colorado,June/20/2021,$126 
Lena Hernandez,United States,Delaware,June/20/2022,$67 
Paul Gonzalez,United States,Virginia,June/20/2023,$536 
Pauline Johnson,United States,Florida,June/20/2023,$4 
Roy Collins,United States,California,June/20/2022,$410 
Sam Craven,United States,Texas,June/20/2020,"$1,354 "
Shui Tom,United States,Ohio,June/20/2023,$36 
Stewart Carmichael,United States,California,June/20/2021,$384 
Toby Ritter,United States,New Jersey,June/20/2023,$250 
Anthony Rawles,United States,New York,July/20/2023,$361 
Carlos Soltero,United States,Illinois,July/20/2023,$79 
Charles Crestani,United States,California,July/20/2020,$176 
Elizabeth Moffitt,United States,South Dakota,July/20/2023,"$1,108 "
Jonathan Doherty,United States,California,July/20/2020,$602 
Katherine Murray,United States,Texas,July/20/2020,"$1,341 "
Pauline Johnson,United States,New York,July/20/2022,$90 
Ralph Kennedy,United States,Indiana,July/20/2021,"$1,238 "
Roger Demir,United States,California,July/20/2020,$113 
Russell Applegate,United States,Illinois,July/20/2021,"$1,455 "
Scot Wooten,United States,Ohio,July/20/2020,$53 
Suzanne McNair,United States,Minnesota,July/20/2023,$736 
Craig Reiter,United States,Illinois,8/20/2020,$421 
Dianna Wilson,United States,Michigan,8/20/2022,$15 
Eleni McCrary,United States,Massachusetts,8/20/2023,$40 
Gene McClure,United States,California,8/20/2023,$239 
Kean Thornton,United States,California,8/20/2023,$26 
Lisa Ryan,United States,California,8/20/2023,$352 
Nick Crebassa,United States,Virginia,8/20/2020,"$1,417 "
Tonja Turnell,United States,North Carolina,8/20/2023,$36 
Alejandro Grove,Canada,Ontario,September/20/2021,$24 
Alejandro Grove,Canada,Ontario,September/20/2020,$38 
Alejandro Grove,Canada,Ontario,September/20/2022,$38 
Alejandro Grove,Canada,Ontario,September/20/2023,$38 
Alejandro Grove,United States,Massachusetts,September/20/2021,$38 
Anne McFarland,United States,Nevada,September/20/2021,$46 
Barry Gonzalez,United States,Tennessee,September/20/2021,"$1,664 "
Dorothy Badders,United States,Florida,September/20/2020,$3 
Duane Noonan,United States,Maryland,September/20/2020,$587 
Edward Nazzal,United States,Michigan,September/20/2022,$84 
Erica Smith,United States,California,September/20/2020,$32 
Filia McAdams,United States,North Carolina,September/20/2022,$115 
Greg Maxwell,United States,California,September/20/2022,$476 
Heather Jas,United States,Washington,September/20/2022,$164 
Helen Abelman,United States,New York,September/20/2022,$393 
Henry Goldwyn,United States,California,September/20/2020,$9 
Michelle Arnett,United States,California,September/20/2020,$64 
Mitch Webber,United States,New York,September/20/2020,"$3,519 "
Philip Fox,United States,Illinois,September/20/2020,$618 
Sarah Brown,United States,Illinois,September/20/2020,$505 
Seth Vernon,United States,New York,September/20/2023,"$7,360 "
Tamara Chand,United States,New York,September/20/2021,$86 
Theone Pippenger,United States,Illinois,September/20/2021,$3 
Andrew Gjertsen,United States,California,10/20/2022,$19 
Chuck Magee,United States,Texas,10/20/2022,$133 
Ed Braxton,United States,Ohio,10/20/2023,$950 
Fred Hopkins,United States,Tennessee,10/20/2020,$427 
Ivan Gibson,United States,Arkansas,10/20/2023,$199 
Joy Smith,United States,Michigan,10/20/2022,$339 
Justin Ellison,United States,California,10/20/2023,$25 
Lindsay Castell,United States,Virginia,10/20/2022,$61 
Lindsay Shagiari,United States,Illinois,10/20/2020,$862 
Luke Foster,United States,Ohio,10/20/2022,$7 
Matt Abelman,United States,Pennsylvania,10/20/2023,$46 
Maxwell Schwartz,United States,New York,10/20/2021,$25 
Muhammed Yedwab,United States,California,10/20/2022,$387 
Muhammed Yedwab,United States,North Carolina,10/20/2023,$30 
Noel Staavos,United States,California,10/20/2021,$256 
Patrick O'Donnell,United States,Michigan,10/20/2020,$212 
Pete Takahito,United States,Florida,10/20/2023,$60 
Rick Bensley,United States,New York,10/20/2023,$25 
Stewart Visinsky,United States,California,10/20/2021,$440 
Allen Goldenen,United States,Ohio,11/20/2022,$33 
Barbara Fisher,United States,Indiana,11/20/2022,$329 
Brendan Murry,United States,California,11/20/2022,$28 
Brian Moss,United States,New York,11/20/2021,$258 
Brian Thompson,United States,Ohio,11/20/2023,$82 
Carlos Daly,United States,New York,11/20/2023,"$1,560 "
Chris Selesnick,United States,California,11/20/2021,$140 
Dan Lawera,United States,New York,11/20/2021,$20 
David Wiener,United States,Texas,11/20/2022,$448 
Erica Hackney,United States,Texas,11/20/2022,$151 
Erica Smith,United States,Tennessee,11/20/2023,$210 
Frank Atkinson,United States,Florida,11/20/2022,$574 
Grace Kelly,United States,Texas,11/20/2021,$480 
Hunter Glantz,United States,Minnesota,11/20/2023,$22 
Jamie Kunitz,United States,Ohio,11/20/2021,$205 
Jennifer Halladay,United States,North Carolina,11/20/2023,$53 
Katharine Harms,United States,New York,11/20/2023,$624 
Katharine Harms,United States,New York,11/20/2020,$908 
Katrina Bavinger,United States,Washington,11/20/2021,$155 
Kelly Andreada,United States,California,11/20/2023,$284 
Kelly Williams,United States,California,11/20/2021,$32 
Lena Creighton,United States,California,11/20/2021,$645 
Liz Pelletier,United States,California,11/20/2023,$127 
Matt Connell,United States,California,11/20/2022,$39 
Michelle Moray,United States,Colorado,11/20/2021,$160 
Nick Zandusky,United States,Ohio,11/20/2022,$381 
Nora Paige,United States,Oklahoma,11/20/2022,$960 
Patrick Bzostek,United States,California,11/20/2021,$24 
Phillina Ober,United States,Pennsylvania,11/20/2021,$344 
Sample Company A,United States,Kentucky,11/20/2023,$28 
Shirley Jackson,United States,Delaware,11/20/2022,$128 
Skye Norling,United States,California,11/20/2021,$19 
Sung Shariari,United States,Florida,11/20/2021,$378 
Alan Barnes,Canada,British Columbia,12/20/2023,$7 
Alan Barnes,Canada,British Columbia,12/20/2020,$94 
Adrian Barton,United States,Indiana,12/20/2020,"$1,108 "
Alejandro Ballentine,United States,Mississippi,12/20/2022,$34 
Arianne Irving,United States,California,12/20/2021,$17 
Carol Triggs,United States,Arizona,12/20/2020,$597 
Chad Sievert,United States,Texas,12/20/2021,$89 
David Kendrick,United States,New York,12/20/2023,$364 
Dean Katz,United States,New York,12/20/2023,$13 
Emily Ducich,United States,Texas,12/20/2021,$101 
Evan Minnotte,United States,Florida,12/20/2021,$12 
Gary Zandusky,United States,Arizona,12/20/2021,$22 
John Murray,United States,Virginia,12/20/2021,$36 
Katherine Ducich,United States,Illinois,12/20/2021,$775 
Keith Herrera,United States,Washington,12/20/2020,$31 
Mark Hamilton,United States,Ohio,12/20/2020,$191 
Matt Collins,United States,Nebraska,12/20/2022,$34 
Maya Herman,United States,New York,12/20/2021,$55 
Michael Chen,United States,California,12/20/2020,$695 
Penelope Sewall,United States,Virginia,12/20/2020,"$2,884 "
Stuart Calhoun,United States,Mississippi,12/20/2022,$66 
Suzanne McNair,United States,New York,12/20/2020,$192 
Toby Carlisle,United States,Colorado,12/20/2020,$448 
Tony Sayre,United States,Tennessee,12/20/2020,$732 
William Brown,United States,Texas,12/20/2020,$85 
Jane Waco,Canada,Ontario,1/21/2020,$281 
Jane Waco,Canada,Ontario,1/21/2021,$281 
Jane Waco,Canada,Ontario,1/21/2022,$281 
Jane Waco,Canada,Ontario,1/21/2023,$281 
Bobby Elias,United States,Illinois,1/21/2023,$269 
Darrin Sayre,United States,Washington,1/21/2023,$654 
Mick Hernandez,United States,Michigan,1/21/2023,"$1,240 "
Penelope Sewall,United States,North Carolina,1/21/2023,$384 
Tamara Dahlen,United States,California,1/21/2022,"$1,167 "
Tom Boeckenhauer,United States,Florida,1/21/2020,$25 
Benjamin Venier,United States,New York,2/21/2022,$405 
Dave Kipp,United States,Texas,2/21/2023,$48 
Erin Ashbrook,United States,New York,2/21/2022,$136 
Joe Elijah,United States,New Mexico,2/21/2021,$49 
Lindsay Castell,United States,Florida,2/21/2022,$471 
Matthew Clasen,United States,California,2/21/2022,$512 
Pierre Wener,United States,Maryland,2/21/2021,"$2,542 "
Tamara Manning,United States,Illinois,2/21/2020,$9 
Frank Gastineau,Canada,Quebec,3/21/2021,$9 
Cassandra Brandow,United States,Ohio,3/21/2020,$13 
Clay Ludtke,United States,Oklahoma,3/21/2023,"$1,806 "
Dario Medina,United States,Texas,3/21/2022,$101 
Gary McGarr,United States,Tennessee,3/21/2020,$311 
Julia West,United States,North Carolina,3/21/2021,"$1,270 "
Kean Takahito,United States,Illinois,3/21/2022,$545 
Kristen Hastings,United States,Virginia,3/21/2020,"$3,770 "
Paul Stevenson,United States,Washington,3/21/2023,$425 
Pauline Webber,United States,Florida,3/21/2023,$64 
Robert Waldorf,United States,Indiana,3/21/2023,$283 
Steven Cartwright,United States,California,3/21/2023,$745 
Ted Butterfield,United States,Pennsylvania,3/21/2023,$9 
Thomas Seio,United States,North Carolina,3/21/2020,$16 
Allen Armold,United States,California,4/21/2020,$17 
Brian Thompson,United States,Connecticut,4/21/2022,$67 
Dorothy Badders,United States,Kentucky,4/21/2020,$829 
Duane Noonan,United States,Washington,4/21/2022,$8 
Janet Martin,United States,Maryland,4/21/2023,$909 
Joni Wasserman,United States,Washington,4/21/2023,$174 
Juliana Krohn,United States,Kentucky,4/21/2021,$893 
Katherine Nockton,United States,Texas,4/21/2023,$69 
Resi Pölking,United States,Texas,4/21/2023,$6 
Shirley Jackson,United States,Texas,4/21/2023,$97 
Sibella Parks,United States,Illinois,4/21/2022,$196 
Frank Gastineau,Canada,Quebec,5/21/2020,$712 
Alejandro Savely,United States,Texas,5/21/2022,$85 
Bradley Talbott,United States,California,5/21/2020,$32 
Christine Phan,United States,Rhode Island,5/21/2022,$112 
Frank Gastineau,United States,Massachusetts,5/21/2020,$712 
Henry Goldwyn,United States,Pennsylvania,5/21/2021,$25 
Joel Eaton,United States,Illinois,5/21/2021,$21 
John Grady,United States,New York,5/21/2023,$538 
Katherine Hughes,United States,Texas,5/21/2020,$187 
Linda Cazamias,United States,Nevada,5/21/2022,"$2,396 "
Logan Haushalter,United States,California,5/21/2022,$121 
Michelle Ellison,United States,Washington,5/21/2021,$27 
Mitch Willingham,United States,Virginia,5/21/2020,"$3,334 "
Sally Hughsby,United States,Illinois,5/21/2022,$4 
Adam Shillingsburg,United States,New York,June/21/2022,$576 
Alan Shonely,United States,Ohio,June/21/2023,$59 
Dave Brooks,United States,New Jersey,June/21/2020,"$1,327 "
Emily Phan,United States,Florida,June/21/2021,$108 
Eugene Hildebrand,United States,West Virginia,June/21/2023,$536 
James Galang,United States,New York,June/21/2020,"$1,215 "
Ken Brennan,United States,Illinois,June/21/2022,$1 
Naresj Patel,United States,Virginia,June/21/2020,$426 
Natalie Webber,United States,Pennsylvania,June/21/2020,$385 
Raymond Messe,United States,Connecticut,June/21/2020,$21 
Stewart Visinsky,United States,Colorado,June/21/2020,$36 
Toby Braunhardt,United States,New York,June/21/2020,$697 
Anne McFarland,United States,Virginia,July/21/2023,$952 
Anthony Rawles,United States,California,July/21/2023,"$1,630 "
Beth Paige,United States,North Carolina,July/21/2022,$370 
Cari Schnelling,United States,New York,July/21/2023,$17 
Corey Catlett,United States,Pennsylvania,July/21/2022,$2 
Damala Kotsonis,United States,California,July/21/2022,$423 
Gene McClure,United States,Texas,July/21/2023,$124 
Harry Marie,United States,Texas,July/21/2020,$752 
Jason Gross,United States,Ohio,July/21/2022,$196 
Kelly Lampkin,United States,Illinois,July/21/2023,$97 
Michelle Ellison,United States,California,July/21/2020,"$1,174 "
Patrick Gardner,United States,Nebraska,July/21/2020,$36 
Pete Takahito,United States,Illinois,July/21/2023,$2 
Sarah Foster,United States,Utah,July/21/2023,$98 
Sean Wendt,United States,Ohio,July/21/2023,$467 
Shaun Weien,United States,California,July/21/2023,$292 
Tamara Willingham,United States,New Jersey,July/21/2023,$6 
Candace McMahon,United States,Washington,8/21/2023,$994 
David Smith,United States,California,8/21/2021,$667 
Dionis Lloyd,United States,Arizona,8/21/2023,$84 
Greg Tran,United States,Minnesota,8/21/2023,$88 
Henry Goldwyn,United States,Kentucky,8/21/2021,$53 
Jay Kimmel,United States,New York,8/21/2022,$573 
Katherine Nockton,United States,Ohio,8/21/2021,$637 
Natalie Fritzler,United States,Mississippi,8/21/2023,$866 
Nick Zandusky,United States,California,8/21/2021,$632 
Patrick Ryan,United States,California,8/21/2023,"$1,520 "
Pete Kriz,United States,New York,8/21/2023,"$4,338 "
Rachel Payne,United States,Washington,8/21/2022,$33 
Rick Bensley,United States,Pennsylvania,8/21/2022,$815 
Scot Coram,United States,California,8/21/2022,"$3,339 "
Sean Miller,United States,Pennsylvania,8/21/2021,$837 
Stephanie Ulpright,United States,North Carolina,8/21/2022,$37 
Sung Chung,United States,Colorado,8/21/2023,$267 
Tracy Hopkins,United States,Maryland,8/21/2023,$394 
Brendan Murry,United States,California,September/21/2023,$16 
Brian Moss,United States,Nebraska,September/21/2020,$69 
Chad Sievert,United States,Washington,September/21/2021,$200 
Cynthia Delaney,United States,California,September/21/2021,$609 
Dan Lawera,United States,Florida,September/21/2023,$12 
Dario Medina,United States,Michigan,September/21/2021,$220 
Doug Bickford,United States,California,September/21/2023,$56 
Duane Huffman,United States,Massachusetts,September/21/2021,$85 
Emily Burns,United States,Pennsylvania,September/21/2023,$2 
Giulietta Baptist,United States,South Carolina,September/21/2021,"$3,632 "
Herbert Flentye,United States,California,September/21/2020,$451 
Jack Garza,United States,Washington,September/21/2020,"$2,046 "
Joni Sundaresam,United States,Texas,September/21/2020,$9 
Kean Thornton,United States,Georgia,September/21/2023,$80 
Larry Hughes,United States,Pennsylvania,September/21/2020,$7 
Matt Abelman,United States,Pennsylvania,September/21/2020,$32 
Muhammed Lee,United States,Washington,September/21/2023,$152 
Rick Hansen,United States,Minnesota,September/21/2023,$20 
Sara Luxemburg,United States,New York,September/21/2020,$66 
Stuart Van,United States,Texas,September/21/2021,"$1,102 "
Tracy Hopkins,United States,Massachusetts,September/21/2021,"$1,133 "
Anne Pryor,United States,Florida,10/21/2022,$74 
Carlos Soltero,United States,California,10/21/2022,$615 
Charles McCrossin,United States,Maryland,10/21/2022,$98 
Charles McCrossin,United States,Pennsylvania,10/21/2023,$401 
Damala Kotsonis,United States,Oregon,10/21/2023,$512 
Dennis Pardue,United States,Nevada,10/21/2022,"$4,685 "
Frank Carlisle,United States,Ohio,10/21/2023,$172 
Frank Hawley,United States,Virginia,10/21/2020,$789 
Giulietta Weimer,United States,Tennessee,10/21/2022,$112 
Jennifer Braxton,United States,Wisconsin,10/21/2023,$61 
Jill Fjeld,United States,Texas,10/21/2022,$106 
Joel Eaton,United States,California,10/21/2022,$154 
Michael Dominguez,United States,Indiana,10/21/2023,$909 
Michael Kennedy,United States,Connecticut,10/21/2022,"$1,179 "
Muhammed Yedwab,United States,Delaware,10/21/2022,$8 
Natalie DeCherney,United States,Arizona,10/21/2023,$9 
Neil Knudson,United States,Florida,10/21/2023,$18 
Neoma Murray,United States,California,10/21/2022,$23 
Patricia Hirasaki,United States,Florida,10/21/2023,$730 
Sara Luxemburg,United States,Oklahoma,10/21/2023,"$1,702 "
Susan Pistek,United States,Illinois,10/21/2023,$24 
Susan Vittorini,United States,Ohio,10/21/2022,$235 
Sylvia Foulston,United States,California,10/21/2020,$36 
Tracy Blumstein,United States,Ohio,10/21/2020,$531 
Victoria Wilson,United States,Ohio,10/21/2022,$661 
Barry Franz,United States,California,11/21/2023,$740 
Benjamin Patterson,United States,Washington,11/21/2023,$71 
Brenda Bowman,United States,Texas,11/21/2021,$40 
Carol Adams,United States,Texas,11/21/2021,$698 
Chloris Kastensmidt,United States,Ohio,11/21/2022,$236 
Chloris Kastensmidt,United States,Washington,11/21/2023,"$1,243 "
Cindy Chapman,United States,Pennsylvania,11/21/2023,$48 
Dave Hallsten,United States,Kentucky,11/21/2020,$866 
Denise Leinenbach,United States,Indiana,11/21/2021,$508 
Denise Monton,United States,Iowa,11/21/2022,$445 
Eudokia Martin,United States,Arizona,11/21/2021,$365 
Georgia Rosenberg,United States,California,11/21/2020,$13 
Henia Zydlo,United States,Texas,11/21/2023,$55 
Jason Klamczynski,United States,Texas,11/21/2020,$270 
Joel Eaton,United States,Ohio,11/21/2021,$413 
John Huston,United States,North Carolina,11/21/2021,$18 
Julie Kriz,United States,New York,11/21/2022,$114 
Justin Hirsh,United States,Oregon,11/21/2022,$195 
Mike Vittorini,United States,New York,11/21/2022,$13 
Natalie Webber,United States,Nevada,11/21/2021,$208 
Patrick Jones,United States,California,11/21/2023,$52 
Roger Demir,United States,Illinois,11/21/2022,$142 
Scott Williamson,United States,New York,11/21/2023,$27 
Shahid Shariari,United States,Pennsylvania,11/21/2021,"$1,364 "
Steve Carroll,United States,California,11/21/2020,$102 
Tiffany House,United States,California,11/21/2022,$32 
Adam Hart,United States,Ohio,12/21/2021,$3 
Bradley Nguyen,United States,California,12/21/2023,$13 
Brian Derr,United States,Kentucky,12/21/2023,$71 
Dean Braden,United States,New Jersey,12/21/2023,$518 
Dennis Pardue,United States,Tennessee,12/21/2020,$18 
Elpida Rittenbach,United States,Colorado,12/21/2021,$61 
Gary McGarr,United States,California,12/21/2020,"$1,898 "
John Castell,United States,Delaware,12/21/2020,$17 
John Stevenson,United States,Washington,12/21/2021,"$1,718 "
Liz Preis,United States,Indiana,12/21/2023,$375 
Lynn Smith,United States,North Carolina,12/21/2021,$48 
Pete Kriz,United States,South Carolina,12/21/2023,$24 
Rick Bensley,United States,Nebraska,12/21/2023,$16 
Roger Demir,United States,Florida,12/21/2021,$78 
Sam Zeldin,United States,Illinois,12/21/2021,"$1,350 "
Sanjit Engle,United States,California,12/21/2023,$124 
Yana Sorensen,United States,California,12/21/2023,"$1,000 "
Alan Dominguez,United States,Montana,1/22/2023,"$4,189 "
Anthony Johnson,United States,Washington,1/22/2022,$110 
Bradley Talbott,United States,Ohio,1/22/2022,$166 
Carlos Meador,United States,North Carolina,1/22/2022,$530 
Edward Hooks,United States,Illinois,1/22/2023,$23 
Frank Preis,United States,California,1/22/2022,$65 
Marc Crier,United States,Washington,1/22/2022,$13 
Paul Gonzalez,United States,New Jersey,1/22/2022,$8 
Toby Braunhardt,United States,New York,1/22/2022,$26 
Paul Van Hugh,United States,Wisconsin,2/22/2022,$490 
Penelope Sewall,United States,Michigan,2/22/2021,$79 
Sue Ann Reed,United States,California,2/22/2020,$19 
Tracy Zic,United States,California,2/22/2022,$493 
Beth Fritzler,United States,Arizona,3/22/2020,$389 
Craig Carroll,United States,North Carolina,3/22/2020,$59 
Dean Braden,United States,Texas,3/22/2021,$162 
Debra Catini,United States,Florida,3/22/2021,$598 
Fred Wasserman,United States,Alabama,3/22/2021,$20 
Justin Deggeller,United States,California,3/22/2021,"$1,685 "
Marc Crier,United States,Washington,3/22/2022,$168 
Robert Barroso,United States,Nevada,3/22/2022,$59 
Ruben Dartt,United States,California,3/22/2021,$16 
Vivian Mathis,United States,Indiana,3/22/2020,$16 
Aaron Hawkins,United States,New York,4/22/2020,$258 
Annie Zypern,United States,California,4/22/2021,$153 
Bruce Degenhardt,United States,Georgia,4/22/2023,$675 
Ed Ludwig,United States,Missouri,4/22/2022,$87 
Gary McGarr,United States,California,4/22/2023,$18 
Meg O'Connel,United States,Pennsylvania,4/22/2023,$254 
Michael Moore,United States,New York,4/22/2022,$35 
Paul Gonzalez,United States,California,4/22/2022,$32 
Tanja Norvell,United States,Arizona,4/22/2022,"$1,588 "
Tonja Turnell,United States,Illinois,4/22/2022,$24 
Art Ferguson,United States,New Jersey,5/22/2022,"$1,562 "
Eric Hoffmann,United States,California,5/22/2023,$68 
Evan Henry,United States,Alabama,5/22/2020,$181 
Jeremy Farry,United States,Georgia,5/22/2022,$15 
Jim Epp,United States,California,5/22/2022,$222 
Laurel Elliston,United States,Illinois,5/22/2023,$206 
Rob Lucas,United States,California,5/22/2023,$50 
Sarah Brown,United States,California,5/22/2021,"$3,862 "
Vicky Freymann,United States,California,5/22/2023,$13 
Anna Andreadi,United States,Pennsylvania,June/22/2020,"$1,107 "
Dan Campbell,United States,Florida,June/22/2023,$38 
Dianna Vittorini,United States,Minnesota,June/22/2020,$664 
Joe Kamberova,United States,Illinois,June/22/2023,$3 
Joel Eaton,United States,Colorado,June/22/2020,$197 
Ken Lonsdale,United States,Utah,June/22/2021,$5 
Michael Grace,United States,Illinois,June/22/2021,$796 
Paul Lucas,United States,Pennsylvania,June/22/2023,$50 
Rick Bensley,United States,Michigan,June/22/2023,$488 
Shaun Weien,United States,New York,June/22/2021,"$1,218 "
Toby Braunhardt,United States,Arizona,June/22/2020,$8 
Alejandro Ballentine,United States,California,July/22/2020,$20 
Caroline Jumper,United States,Pennsylvania,July/22/2022,$16 
Dennis Kane,United States,Michigan,July/22/2022,"$1,137 "
Dionis Lloyd,United States,California,July/22/2022,$6 
Eric Barreto,United States,Illinois,July/22/2023,$526 
Erin Mull,United States,New York,July/22/2020,$166 
Fred Hopkins,United States,New York,July/22/2023,$30 
John Lucas,United States,Texas,July/22/2020,$27 
Kristina Nunn,United States,Nevada,July/22/2022,$86 
Maureen Fritzler,United States,Maryland,July/22/2022,$122 
Naresj Patel,United States,California,July/22/2020,"$1,136 "
Craig Reiter,United States,Ohio,8/22/2022,$251 
Dave Poirier,United States,New York,8/22/2021,$50 
Dean percer,United States,Pennsylvania,8/22/2023,$315 
Deanra Eno,United States,Ohio,8/22/2020,$4 
Deirdre Greer,United States,Washington,8/22/2022,$19 
Dorothy Dickinson,United States,Texas,8/22/2022,$4 
Jennifer Ferguson,United States,Missouri,8/22/2020,$12 
Jeremy Pistek,United States,Florida,8/22/2020,$8 
Pauline Webber,United States,California,8/22/2022,$6 
Roger Barcio,United States,New York,8/22/2021,$17 
Sheri Gordon,United States,Oregon,8/22/2022,$26 
Tony Chapman,United States,Colorado,8/22/2022,$98 
Tony Molinari,United States,California,8/22/2023,$210 
Suzanne McNair,Canada,Saskatchewan,September/22/2022,$64 
Suzanne McNair,Canada,Saskatchewan,September/22/2023,$68 
Adam Shillingsburg,United States,New York,September/22/2020,$694 
Amy Cox,United States,Florida,September/22/2022,$24 
Ann Steele,United States,Kentucky,September/22/2022,$13 
Anna Chung,United States,Indiana,September/22/2022,$36 
Berenike Kampe,United States,California,September/22/2023,$22 
Chris Selesnick,United States,Wisconsin,September/22/2022,$19 
Christina Anderson,United States,Delaware,September/22/2023,$392 
Daniel Lacy,United States,California,September/22/2021,$205 
David Wiener,United States,New Mexico,September/22/2023,$27 
Erica Hernandez,United States,Michigan,September/22/2023,$270 
Frank Olsen,United States,Pennsylvania,September/22/2021,$674 
Jim Epp,United States,Wisconsin,September/22/2023,$438 
Joel Eaton,United States,Arkansas,September/22/2023,$727 
Joseph Airdo,United States,Pennsylvania,September/22/2023,"$4,749 "
Logan Currie,United States,New York,September/22/2023,"$1,083 "
Maribeth Schnelling,United States,Florida,September/22/2020,$5 
Michael Grace,United States,Virginia,September/22/2021,$80 
Michael Granlund,United States,New Hampshire,September/22/2023,$67 
Muhammed MacIntyre,United States,California,September/22/2021,$61 
Nora Pelletier,United States,Ohio,September/22/2022,$64 
Peter Bühler,United States,Georgia,September/22/2023,$31 
Pierre Wener,United States,Pennsylvania,September/22/2022,$8 
Robert Dilbeck,United States,Pennsylvania,September/22/2022,$17 
Ryan Crowe,United States,Michigan,September/22/2022,$134 
Sally Hughsby,United States,Tennessee,September/22/2022,$105 
Sally Hughsby,United States,Texas,September/22/2023,$25 
Sam Zeldin,United States,New York,September/22/2022,$128 
Sanjit Engle,United States,California,September/22/2020,$210 
Sanjit Jacobs,United States,Tennessee,September/22/2021,$764 
Shaun Chance,United States,New York,September/22/2023,$40 
Suzanne McNair,United States,Colorado,September/22/2022,$68 
Vivek Grady,United States,Illinois,September/22/2020,$332 
Brian DeCherney,United States,Oklahoma,10/22/2023,$582 
David Wiener,United States,Oregon,10/22/2023,$177 
Eric Barreto,United States,Virginia,10/22/2022,$40 
Gene McClure,United States,Florida,10/22/2021,$10 
Helen Abelman,United States,Colorado,10/22/2023,$582 
Liz Thompson,United States,Illinois,10/22/2021,$5 
Marina Lichtenstein,United States,Pennsylvania,10/22/2023,$64 
MaryBeth Skach,United States,Washington,10/22/2022,$117 
Maureen Gastineau,United States,Ohio,10/22/2020,$94 
Nicole Brennan,United States,Louisiana,10/22/2020,$130 
Paul Stevenson,United States,Oklahoma,10/22/2023,$36 
Peter McVee,United States,Michigan,10/22/2022,$31 
Tom Ashbrook,United States,New York,10/22/2023,"$13,716 "
Andy Reiter,United States,Massachusetts,11/22/2021,$15 
Anne Pryor,United States,Texas,11/22/2021,$27 
Brosina Hoffman,United States,Florida,11/22/2021,$33 
Cathy Armstrong,United States,New York,11/22/2022,$134 
Evan Henry,United States,Texas,11/22/2020,$7 
Frank Olsen,United States,Texas,11/22/2023,$36 
Harold Dahlen,United States,Massachusetts,11/22/2021,$77 
Harold Pawlan,United States,Texas,11/22/2021,$71 
Irene Maddox,United States,Pennsylvania,11/22/2021,$12 
Jeremy Ellison,United States,Texas,11/22/2022,$60 
Marc Crier,United States,Tennessee,11/22/2021,$58 
Meg O'Connel,United States,Texas,11/22/2021,$207 
Nathan Gelder,United States,California,11/22/2021,$114 
Rob Dowd,United States,Michigan,11/22/2022,$49 
Robert Barroso,United States,Georgia,11/22/2020,$10 
Ruben Ausman,United States,Georgia,11/22/2020,"$1,023 "
Susan Pistek,United States,California,11/22/2020,$54 
Todd Boyes,United States,New York,11/22/2022,$73 
Tony Chapman,United States,Illinois,11/22/2020,$10 
Alex Grayson,United States,Arizona,12/22/2023,$183 
Alex Grayson,United States,Texas,12/22/2023,$108 
Beth Thompson,United States,Wisconsin,12/22/2021,$17 
Bradley Talbott,United States,New York,12/22/2020,$216 
Chad McGuire,United States,California,12/22/2023,$475 
Charlotte Melton,United States,Minnesota,12/22/2023,$639 
Duane Noonan,United States,California,12/22/2022,$885 
Emily Ducich,United States,Washington,12/22/2022,$67 
Harold Ryan,United States,Pennsylvania,12/22/2021,$456 
Jack Lebron,United States,Tennessee,12/22/2023,"$1,090 "
Jason Gross,United States,Rhode Island,12/22/2023,$916 
Jeremy Pistek,United States,Florida,12/22/2023,$8 
Jim Mitchum,United States,New Mexico,12/22/2023,$127 
Khloe Miller,United States,California,12/22/2020,$12 
Lena Creighton,United States,New York,12/22/2022,$26 
Nora Preis,United States,Illinois,12/22/2020,$274 
Sally Knutson,United States,Ohio,12/22/2023,$632 
Sandra Glassco,United States,Missouri,12/22/2023,$839 
Sharelle Roach,United States,Alabama,12/22/2023,$142 
Sue Ann Reed,United States,Oregon,12/22/2022,$66 
Tamara Willingham,United States,New York,12/22/2020,$297 
Theone Pippenger,United States,Michigan,12/22/2023,"$2,283 "
Carl Weiss,United States,Montana,1/23/2021,$44 
Chris Selesnick,United States,Washington,1/23/2023,$138 
Christy Brittain,United States,California,1/23/2022,$60 
Claudia Bergmann,United States,Vermont,1/23/2022,"$1,672 "
Harold Pawlan,United States,Arizona,1/23/2023,$101 
Ionia McGrath,United States,Nevada,1/23/2020,$40 
Matt Connell,United States,Michigan,1/23/2023,$211 
Speros Goranitis,United States,Indiana,1/23/2020,$6 
Alyssa Crouse,United States,Pennsylvania,2/23/2022,$58 
Ann Chong,United States,Washington,2/23/2023,$80 
Clytie Kelty,United States,California,2/23/2023,$37 
Lindsay Castell,United States,New York,2/23/2021,$38 
Michael Grace,United States,Texas,2/23/2020,$11 
Alice McCarthy,United States,California,3/23/2021,$433 
Anna Chung,United States,Texas,3/23/2023,$144 
Bart Pistole,United States,California,3/23/2021,$33 
Bill Eplett,United States,California,3/23/2023,$212 
Bruce Geld,United States,Florida,3/23/2020,$10 
Erin Creighton,United States,New York,3/23/2023,$26 
Julia Dunbar,United States,Texas,3/23/2021,$108 
Mary Zewe,United States,New York,3/23/2023,$348 
Patrick O'Donnell,United States,California,3/23/2020,$935 
Raymond Buch,United States,Washington,3/23/2023,"$14,052 "
Sanjit Jacobs,United States,Washington,3/23/2023,$35 
Sheri Gordon,United States,South Carolina,3/23/2021,$59 
Art Ferguson,United States,California,4/23/2022,$90 
Grace Kelly,United States,California,4/23/2022,$352 
Greg Guthrie,United States,Ohio,4/23/2023,$17 
Heather Kirkland,United States,North Carolina,4/23/2022,$36 
Jay Fein,United States,California,4/23/2023,$183 
Laurel Beltran,United States,Ohio,4/23/2020,$593 
Max Jones,United States,Ohio,4/23/2022,$243 
Nathan Mautz,United States,California,4/23/2020,$49 
Parhena Norris,United States,Tennessee,4/23/2023,$513 
Sally Knutson,United States,New York,4/23/2023,$245 
Sean Christensen,United States,Indiana,4/23/2023,$155 
Sean O'Donnell,United States,Colorado,4/23/2023,$30 
Tamara Dahlen,United States,New York,4/23/2023,$55 
Theresa Swint,United States,Pennsylvania,4/23/2020,$3 
Andrew Roberts,United States,Pennsylvania,5/23/2020,$80 
Anne Pryor,United States,Alabama,5/23/2022,$5 
Christopher Conant,United States,Pennsylvania,5/23/2022,"$8,539 "
Emily Burns,United States,Arizona,5/23/2021,$141 
Erica Hackney,United States,Washington,5/23/2020,$13 
Erin Ashbrook,United States,South Carolina,5/23/2021,$187 
Greg Tran,United States,New York,5/23/2020,$231 
Ken Lonsdale,United States,Illinois,5/23/2022,"$1,980 "
Ken Lonsdale,United States,Texas,5/23/2023,$70 
Kristen Hastings,United States,Rhode Island,5/23/2021,$51 
Lisa DeCherney,United States,California,5/23/2022,$37 
Nathan Mautz,United States,Michigan,5/23/2021,$926 
Vivek Sundaresam,United States,California,5/23/2023,$171 
Brian Stugart,United States,Pennsylvania,June/23/2020,$86 
Christine Sundaresam,United States,California,June/23/2021,$367 
Denise Leinenbach,United States,North Carolina,June/23/2020,$23 
Irene Maddox,United States,New York,June/23/2022,$616 
Maureen Gnade,United States,New York,June/23/2022,$835 
Randy Ferguson,United States,Georgia,June/23/2021,$268 
Rick Duston,United States,Washington,June/23/2021,$202 
Ruben Dartt,United States,California,June/23/2022,$998 
Sally Matthias,United States,New York,June/23/2022,$26 
Alejandro Grove,United States,New York,July/23/2020,$100 
Annie Zypern,United States,Illinois,July/23/2023,$122 
Arthur Gainer,United States,Arizona,July/23/2020,"$1,520 "
Chloris Kastensmidt,United States,Texas,July/23/2022,$204 
Christine Phan,United States,New York,July/23/2023,$13 
Ivan Liston,United States,Texas,July/23/2022,$115 
Jennifer Braxton,United States,Florida,July/23/2022,$324 
Lena Hernandez,United States,Indiana,July/23/2023,$171 
Lisa Ryan,United States,New York,July/23/2023,$41 
Maribeth Yedwab,United States,Illinois,July/23/2023,$63 
Melanie Seite,United States,New York,July/23/2021,$11 
Nathan Mautz,United States,New York,July/23/2023,$14 
Neil Französisch,United States,Illinois,July/23/2022,$11 
Nick Crebassa,United States,California,July/23/2020,$993 
Philisse Overcash,United States,Wisconsin,July/23/2023,$400 
Tracy Blumstein,United States,California,July/23/2023,$74 
Tracy Hopkins,United States,New York,July/23/2021,$198 
Arthur Prichep,United States,Colorado,8/23/2020,$424 
Corey Roper,United States,Michigan,8/23/2020,$19 
Fred Harton,United States,Georgia,8/23/2021,"$1,142 "
Jennifer Patt,United States,New York,8/23/2022,"$1,091 "
Matt Abelman,United States,Wisconsin,8/23/2022,$80 
Maxwell Schwartz,United States,Washington,8/23/2022,"$1,600 "
Mick Hernandez,United States,Texas,8/23/2022,"$1,416 "
Patrick O'Brill,United States,Florida,8/23/2023,"$4,590 "
Rick Hansen,United States,New York,8/23/2020,$72 
Robert Barroso,United States,California,8/23/2020,$50 
Tamara Dahlen,United States,Illinois,8/23/2021,$60 
Arthur Prichep,United States,Colorado,September/23/2023,$229 
Bill Donatelli,United States,Oklahoma,September/23/2023,$292 
Bobby Elias,United States,Florida,September/23/2023,$252 
Brian Moss,United States,California,September/23/2020,$520 
Brooke Gillingham,United States,Colorado,September/23/2023,$29 
Bruce Stewart,United States,California,September/23/2023,$187 
Candace McMahon,United States,Washington,September/23/2022,$14 
Clay Rozendal,United States,New York,September/23/2022,$11 
Darrin Van Huff,United States,California,September/23/2022,$23 
Dave Poirier,United States,Washington,September/23/2022,$198 
Don Weiss,United States,Washington,September/23/2023,$158 
Doug O'Connell,United States,Arkansas,September/23/2023,$213 
Duane Benoit,United States,California,September/23/2023,$879 
Jim Kriz,United States,Ohio,September/23/2020,$29 
Joni Sundaresam,United States,Ohio,September/23/2022,$52 
Julie Prescott,United States,New York,September/23/2020,$18 
Kelly Lampkin,United States,Ohio,September/23/2022,$538 
Kristina Nunn,United States,Colorado,September/23/2023,$14 
Lena Cacioppo,United States,Illinois,September/23/2023,$134 
Maya Herman,United States,Texas,September/23/2023,$9 
Russell Applegate,United States,Georgia,September/23/2022,$487 
Sanjit Chand,United States,Minnesota,September/23/2020,"$9,900 "
Shui Tom,United States,New York,September/23/2020,$139 
Thea Hudgings,United States,Delaware,September/23/2020,$11 
Thomas Thornton,United States,Delaware,September/23/2020,$44 
Adam Hart,United States,Rhode Island,10/23/2023,"$1,170 "
Alejandro Ballentine,United States,Washington,10/23/2022,$17 
Andrew Gjertsen,United States,Washington,10/23/2021,$4 
Craig Carroll,United States,Texas,10/23/2021,$547 
Darrin Martin,United States,Texas,10/23/2023,$838 
Heather Kirkland,United States,Illinois,10/23/2022,$71 
Jay Fein,United States,California,10/23/2021,"$1,447 "
Jocasta Rupert,United States,Florida,10/23/2023,$864 
Joe Elijah,United States,Texas,10/23/2021,$187 
Julie Creighton,United States,New York,10/23/2023,$143 
Ralph Arnett,United States,Florida,10/23/2021,$78 
Randy Bradley,United States,Texas,10/23/2023,$338 
Steven Roelle,United States,New York,10/23/2022,$379 
Alan Hwang,United States,Texas,11/23/2023,$196 
Annie Thurman,United States,New Jersey,11/23/2021,"$2,643 "
Bobby Trafton,United States,Michigan,11/23/2020,$15 
Chris Selesnick,United States,Illinois,11/23/2023,$11 
Christopher Martinez,United States,Illinois,11/23/2023,$240 
Damala Kotsonis,United States,Texas,11/23/2020,$155 
Dan Campbell,United States,Michigan,11/23/2023,$4 
Emily Ducich,United States,Texas,11/23/2020,$24 
Frank Hawley,United States,Pennsylvania,11/23/2023,$7 
Janet Martin,United States,North Carolina,11/23/2023,$105 
Janet Molinari,United States,Michigan,11/23/2023,$316 
Jennifer Patt,United States,Texas,11/23/2023,$248 
Luke Schmidt,United States,Pennsylvania,11/23/2022,$101 
Phillip Breyer,United States,Pennsylvania,11/23/2020,$63 
Pierre Wener,United States,Delaware,11/23/2021,$421 
Sally Matthias,United States,Arizona,11/23/2020,$23 
Sanjit Chand,United States,California,11/23/2020,"$1,037 "
Saphhira Shifley,United States,Texas,11/23/2020,$46 
Tamara Dahlen,United States,Pennsylvania,11/23/2023,$24 
Victoria Brennan,United States,Texas,11/23/2021,$386 
Ben Peterman,United States,Illinois,12/23/2022,$141 
Bradley Drucker,United States,Virginia,12/23/2021,$194 
Carol Adams,United States,Rhode Island,12/23/2022,"$2,000 "
Craig Carreira,United States,Florida,12/23/2020,$620 
Darren Koutras,United States,Tennessee,12/23/2023,$303 
Edward Hooks,United States,Washington,12/23/2022,"$1,506 "
Filia McAdams,United States,Connecticut,12/23/2023,$182 
Frank Merwin,United States,Pennsylvania,12/23/2022,"$1,508 "
Gary Zandusky,United States,California,12/23/2023,$13 
Jennifer Braxton,United States,Illinois,12/23/2023,$190 
Julia Barnett,United States,Connecticut,12/23/2023,$27 
Laura Armstrong,United States,Texas,12/23/2022,$921 
Logan Currie,United States,Virginia,12/23/2022,$859 
Matt Collister,United States,Michigan,12/23/2022,$25 
Michael Moore,United States,Texas,12/23/2023,$58 
Michelle Ellison,United States,Texas,12/23/2020,$5 
Monica Federle,United States,Arkansas,12/23/2023,"$1,153 "
Neoma Murray,United States,Ohio,12/23/2022,$6 
Sarah Foster,United States,Indiana,12/23/2020,$207 
Tiffany House,United States,New York,12/23/2020,$110 
Cyra Reiten,United States,Florida,1/24/2021,$13 
Henry Goldwyn,United States,Mississippi,1/24/2022,$31 
Keith Dawkins,United States,California,1/24/2023,$413 
Theone Pippenger,United States,Georgia,1/24/2023,$6 
Christy Brittain,United States,Pennsylvania,2/24/2023,$5 
Erin Smith,United States,Pennsylvania,2/24/2023,"$1,444 "
Jennifer Halladay,United States,Oregon,2/24/2020,$56 
Ann Chong,United States,Texas,3/24/2023,$13 
Ben Peterman,United States,Florida,3/24/2021,$7 
Brian Moss,United States,New York,3/24/2023,$248 
Carlos Daly,United States,New York,3/24/2020,$25 
Cathy Prescott,United States,Washington,3/24/2021,$47 
Dan Campbell,United States,Ohio,3/24/2022,$320 
Dan Reichenbach,United States,Oregon,3/24/2022,$403 
Dennis Pardue,United States,Illinois,3/24/2021,$359 
Harold Ryan,United States,New York,3/24/2023,$725 
Mark Van Huff,United States,New York,3/24/2023,$272 
Maurice Satty,United States,California,3/24/2020,$40 
Vivek Grady,United States,Indiana,3/24/2022,$22 
Art Ferguson,United States,Illinois,4/24/2023,$83 
Cathy Armstrong,United States,Texas,4/24/2022,$259 
Christine Phan,United States,Florida,4/24/2023,$114 
Craig Leslie,United States,Colorado,4/24/2022,"$1,344 "
Damala Kotsonis,United States,Pennsylvania,4/24/2023,$108 
Deborah Brumfield,United States,New York,4/24/2021,$26 
Jack Lebron,United States,California,4/24/2022,$4 
Linda Southworth,United States,Rhode Island,4/24/2023,$70 
Michael Granlund,United States,California,4/24/2023,$2 
Susan Vittorini,United States,Arizona,4/24/2023,$552 
Dennis Pardue,United States,Pennsylvania,5/24/2022,$17 
Eugene Hildebrand,United States,Virginia,5/24/2022,$261 
Resi Pölking,United States,Maryland,5/24/2020,$116 
Vivek Sundaresam,United States,Illinois,5/24/2021,$610 
Bill Donatelli,United States,California,June/24/2022,$38 
Caroline Jumper,United States,California,June/24/2023,$96 
Dave Hallsten,United States,Texas,June/24/2022,$9 
George Ashbrook,United States,New York,June/24/2023,$449 
Hunter Lopez,United States,Indiana,June/24/2022,$441 
Kean Thornton,United States,California,June/24/2023,$3 
Liz Pelletier,United States,Arizona,June/24/2020,$4 
Maria Bertelson,United States,Ohio,June/24/2023,$22 
Matthew Clasen,United States,Illinois,June/24/2023,$193 
Max Jones,United States,California,June/24/2022,"$4,823 "
Nicole Hansen,United States,California,June/24/2023,$421 
Sonia Cooley,United States,Rhode Island,June/24/2023,$103 
Darren Budd,United States,New York,July/24/2022,$254 
Harold Ryan,United States,California,July/24/2023,"$2,400 "
James Galang,United States,Louisiana,July/24/2022,$73 
Shirley Schmidt,United States,Kentucky,July/24/2021,$526 
Alan Haines,United States,New York,8/24/2023,$28 
Cassandra Brandow,United States,Texas,8/24/2021,"$2,645 "
Darrin Martin,United States,Ohio,8/24/2023,$657 
Denny Ordway,United States,Oregon,8/24/2021,$7 
Dorothy Wardle,United States,Kentucky,8/24/2020,$26 
Eleni McCrary,United States,New York,8/24/2021,$310 
Jennifer Patt,United States,New York,8/24/2020,$26 
Katrina Willman,United States,Kentucky,8/24/2021,"$3,748 "
Maurice Satty,United States,Ohio,8/24/2021,$469 
Robert Barroso,United States,Montana,8/24/2020,$8 
Shahid Collister,United States,New York,8/24/2021,$15 
Bart Pistole,Canada,Quebec,September/24/2023,$79 
Bart Pistole,Canada,Quebec,September/24/2020,$830 
Anna Gayman,United States,Georgia,September/24/2023,$79 
Bart Pistole,United States,Massachusetts,September/24/2023,$830 
Benjamin Patterson,United States,Oklahoma,September/24/2022,$13 
Brian Dahlen,United States,Florida,September/24/2023,$254 
Carlos Meador,United States,Arizona,September/24/2021,$35 
Craig Leslie,United States,Colorado,September/24/2022,$532 
Deanra Eno,United States,Iowa,September/24/2021,"$1,423 "
Edward Becker,United States,California,September/24/2022,$63 
Edward Hooks,United States,California,September/24/2022,$868 
Frank Atkinson,United States,California,September/24/2023,"$1,365 "
Jamie Frazer,United States,New York,September/24/2021,$40 
Julia Dunbar,United States,California,September/24/2020,$212 
Karen Bern,United States,Minnesota,September/24/2023,"$1,332 "
Karen Ferguson,United States,Georgia,September/24/2023,$148 
Kelly Collister,United States,Ohio,September/24/2023,$103 
Kunst Miller,United States,Arizona,September/24/2021,$54 
Laura Armstrong,United States,California,September/24/2022,$84 
Marc Crier,United States,Louisiana,September/24/2021,$518 
Maria Bertelson,United States,Ohio,September/24/2021,$98 
Max Engle,United States,Washington,September/24/2021,$51 
Michael Kennedy,United States,Illinois,September/24/2022,$442 
Mick Hernandez,United States,Ohio,September/24/2023,"$1,170 "
Neil Knudson,United States,California,September/24/2023,$38 
Odella Nelson,United States,Pennsylvania,September/24/2021,$7 
Paul Prost,United States,Florida,September/24/2023,$400 
Pete Kriz,United States,Ohio,September/24/2022,$155 
Philip Brown,United States,Washington,September/24/2023,$200 
Rose O'Brian,United States,Illinois,September/24/2023,$532 
Ruben Dartt,United States,Indiana,September/24/2022,$128 
Shaun Chance,United States,California,September/24/2021,"$1,173 "
Steve Carroll,United States,Oklahoma,September/24/2021,$822 
Allen Armold,United States,California,10/24/2020,$34 
Andrew Gjertsen,United States,Texas,10/24/2021,$373 
Arthur Prichep,United States,South Carolina,10/24/2020,$12 
Carlos Soltero,United States,Mississippi,10/24/2023,$12 
Catherine Glotzbach,United States,Tennessee,10/24/2022,$240 
Daniel Byrd,United States,Florida,10/24/2020,$10 
Emily Ducich,United States,California,10/24/2022,$450 
Jennifer Patt,United States,Texas,10/24/2022,$16 
Michelle Tran,United States,Texas,10/24/2021,$4 
Patrick O'Brill,United States,Texas,10/24/2023,$517 
Robert Dilbeck,United States,California,10/24/2021,$454 
Sonia Sunley,United States,California,10/24/2022,$200 
Victoria Wilson,United States,California,10/24/2022,$460 
James Peterman,Canada,Newfoundland and Labrador,11/24/2020,$198 
Alyssa Tate,United States,California,11/24/2022,$43 
Alyssa Tate,United States,Ohio,11/24/2020,$6 
Amy Cox,United States,Washington,11/24/2022,"$1,220 "
Beth Paige,United States,California,11/24/2023,$435 
Brooke Gillingham,United States,Kansas,11/24/2023,$33 
Carol Darley,United States,Oregon,11/24/2022,$25 
Cathy Armstrong,United States,Ohio,11/24/2022,$181 
Clay Rozendal,United States,Washington,11/24/2022,$25 
Darren Koutras,United States,Illinois,11/24/2020,$646 
Darren Powers,United States,California,11/24/2021,$384 
Erica Hackney,United States,California,11/24/2020,$121 
Frank Merwin,United States,Kentucky,11/24/2023,"$1,447 "
George Ashbrook,United States,Texas,11/24/2022,$658 
Greg Tran,United States,Texas,11/24/2023,$11 
Harold Pawlan,United States,Virginia,11/24/2020,$111 
Harold Ryan,United States,Washington,11/24/2020,$721 
Jason Gross,United States,Texas,11/24/2023,$14 
John Lee,United States,California,11/24/2023,$224 
Kelly Andreada,United States,New York,11/24/2023,$519 
Kunst Miller,United States,California,11/24/2021,$266 
Laura Armstrong,United States,Maryland,11/24/2022,$208 
Maribeth Yedwab,United States,Tennessee,11/24/2023,$77 
Mark Van Huff,United States,Arizona,11/24/2023,$437 
Matthew Grinstein,United States,Pennsylvania,11/24/2022,$4 
Michael Dominguez,United States,North Carolina,11/24/2023,$19 
Muhammed Yedwab,United States,Ohio,11/24/2020,"$1,661 "
Nat Carroll,United States,New York,11/24/2022,$124 
Nat Gilpin,United States,Michigan,11/24/2020,$509 
Nathan Gelder,United States,Ohio,11/24/2020,$3 
Neola Schneider,United States,Texas,11/24/2022,$527 
Patrick Gardner,United States,California,11/24/2023,$28 
Patrick Ryan,United States,California,11/24/2023,$8 
Richard Bierner,United States,Missouri,11/24/2020,$112 
Roland Schwarz,United States,South Carolina,11/24/2023,$407 
Sample Company A,United States,Florida,11/24/2022,$393 
Shaun Chance,United States,Pennsylvania,11/24/2023,$320 
Steve Carroll,United States,Washington,11/24/2022,$82 
Sung Pak,United States,California,11/24/2022,"$2,905 "
Thea Hendricks,United States,Ohio,11/24/2020,"$1,538 "
Toby Swindell,United States,California,11/24/2021,$569 
Todd Sumrall,United States,New York,11/24/2023,$983 
Vivek Gonzalez,United States,California,11/24/2020,$152 
Adam Shillingsburg,United States,California,12/24/2020,$14 
Alan Hwang,United States,Washington,12/24/2023,"$1,004 "
Andy Reiter,United States,New York,12/24/2023,$18 
Ann Chong,United States,New York,12/24/2023,$38 
Ben Ferrer,United States,California,12/24/2020,"$1,461 "
Benjamin Venier,United States,Washington,12/24/2022,$33 
Christine Sundaresam,United States,Louisiana,12/24/2023,$713 
Dave Poirier,United States,Idaho,12/24/2023,$21 
David Bremer,United States,New York,12/24/2021,$167 
Harold Ryan,United States,Arizona,12/24/2021,$884 
Harry Marie,United States,Missouri,12/24/2021,"$4,910 "
Hunter Glantz,United States,New York,12/24/2023,$286 
James Lanier,United States,Arizona,12/24/2023,$851 
Jessica Myrick,United States,New York,12/24/2022,$800 
Jim Radford,United States,Colorado,12/24/2021,$604 
Joni Blumstein,United States,Ohio,12/24/2021,$628 
Julie Creighton,United States,California,12/24/2020,$435 
Kean Takahito,United States,California,12/24/2021,$66 
Luke Foster,United States,Florida,12/24/2020,$10 
Maribeth Schnelling,United States,Arizona,12/24/2021,$226 
Neola Schneider,United States,Texas,12/24/2023,$264 
Nick Crebassa,United States,Massachusetts,12/24/2023,$32 
Pauline Webber,United States,New York,12/24/2022,$198 
Resi Pölking,United States,Ohio,12/24/2020,$30 
Robert Marley,United States,California,12/24/2023,"$2,970 "
Ross Baird,United States,North Carolina,12/24/2022,$824 
Roy Französisch,United States,New York,12/24/2023,$36 
Sean Christensen,United States,California,12/24/2022,$84 
Jonathan Doherty,United States,New York,1/25/2022,$832 
Todd Boyes,United States,New Jersey,1/25/2022,$27 
Bruce Degenhardt,United States,Ohio,2/25/2022,$47 
Michelle Huthwaite,United States,Illinois,2/25/2023,$2 
Scot Wooten,United States,North Carolina,2/25/2023,$429 
Sung Shariari,United States,Massachusetts,2/25/2021,$26 
Annie Zypern,United States,New York,3/25/2020,$367 
Christina Anderson,United States,California,3/25/2020,$92 
Christina VanderZanden,United States,California,3/25/2023,"$1,069 "
Damala Kotsonis,United States,New York,3/25/2022,$60 
Duane Benoit,United States,Texas,3/25/2023,$7 
Filia McAdams,United States,Washington,3/25/2023,$23 
John Castell,United States,Texas,3/25/2023,$470 
John Lee,United States,New York,3/25/2023,$11 
Justin Deggeller,United States,Wisconsin,3/25/2023,"$1,987 "
Toby Braunhardt,United States,Oklahoma,3/25/2022,"$1,287 "
Beth Thompson,United States,California,4/25/2020,"$2,061 "
Dianna Arnett,United States,Texas,4/25/2020,$17 
Jill Stevenson,United States,California,4/25/2021,$14 
John Lucas,United States,New York,4/25/2021,$206 
John Lucas,United States,Pennsylvania,4/25/2022,$108 
Larry Hughes,United States,Arizona,4/25/2023,$9 
Lauren Leatherbury,United States,California,4/25/2023,$92 
Lena Creighton,United States,North Carolina,4/25/2020,$302 
Linda Southworth,United States,California,4/25/2021,$21 
Mick Brown,United States,California,4/25/2023,$14 
Parhena Norris,United States,Tennessee,4/25/2023,$110 
Rob Lucas,United States,California,4/25/2023,$345 
Speros Goranitis,United States,California,4/25/2023,$108 
Trudy Schmidt,United States,Wisconsin,4/25/2021,$330 
Zuschuss Carroll,United States,Illinois,4/25/2021,$349 
Barry Weirich,United States,New York,5/25/2020,$15 
Craig Yedwab,United States,Tennessee,5/25/2021,$467 
Janet Lee,United States,Illinois,5/25/2020,$105 
Jeremy Lonsdale,United States,Texas,5/25/2023,$50 
Julia Barnett,United States,Georgia,5/25/2022,"$1,312 "
Justin Hirsh,United States,Colorado,5/25/2021,$846 
Mick Hernandez,United States,Georgia,5/25/2023,$30 
Muhammed MacIntyre,United States,Texas,5/25/2021,$263 
Nathan Mautz,United States,Kansas,5/25/2021,$149 
Nora Pelletier,United States,California,5/25/2021,$15 
Trudy Brown,United States,New York,5/25/2023,$806 
Alan Barnes,United States,California,June/25/2021,$414 
Alan Shonely,United States,California,June/25/2022,$61 
Anne McFarland,United States,Washington,June/25/2023,$871 
Cathy Hwang,United States,Pennsylvania,June/25/2021,$109 
Fred McMath,United States,Illinois,June/25/2023,$148 
Grace Kelly,United States,Oregon,June/25/2020,$345 
Jill Fjeld,United States,California,June/25/2021,$205 
Logan Currie,United States,Texas,June/25/2022,$118 
Mark Van Huff,United States,Texas,June/25/2021,$129 
Max Ludwig,United States,Oregon,June/25/2023,$88 
Noel Staavos,United States,California,June/25/2020,$448 
Sarah Brown,United States,New York,June/25/2023,$401 
Theresa Swint,United States,Pennsylvania,June/25/2022,$714 
Becky Castell,United States,California,July/25/2022,$37 
Bill Eplett,United States,Texas,July/25/2022,$21 
Christy Brittain,United States,Ohio,July/25/2022,"$1,440 "
Dorothy Dickinson,United States,Pennsylvania,July/25/2023,$3 
Evan Minnotte,United States,Texas,July/25/2023,$298 
John Castell,United States,Pennsylvania,July/25/2023,$477 
Katherine Murray,United States,Virginia,July/25/2022,$10 
Ken Heidel,United States,Texas,July/25/2022,$16 
Ken Lonsdale,United States,California,July/25/2020,"$8,319 "
Larry Blacks,United States,California,July/25/2022,$21 
Meg Tillman,United States,Mississippi,July/25/2022,"$2,503 "
Michelle Huthwaite,United States,Washington,July/25/2021,"$1,289 "
Raymond Buch,United States,South Dakota,July/25/2023,$20 
Rick Reed,United States,Ohio,July/25/2022,$244 
Ross Baird,United States,Pennsylvania,July/25/2021,$25 
Russell D'Ascenzo,United States,California,July/25/2021,$624 
Sally Hughsby,United States,Wisconsin,July/25/2022,$941 
Sanjit Chand,United States,California,July/25/2022,$686 
Vicky Freymann,United States,California,July/25/2020,$22 
Yana Sorensen,United States,Alabama,July/25/2021,$457 
Brendan Sweed,United States,Ohio,8/25/2020,$30 
Don Weiss,United States,Tennessee,8/25/2023,$13 
Guy Armstrong,United States,North Carolina,8/25/2023,$192 
Janet Molinari,United States,California,8/25/2020,$176 
Joe Elijah,United States,Ohio,8/25/2023,$26 
Joe Elijah,United States,Texas,8/25/2020,$38 
Mick Crebagga,United States,Texas,8/25/2021,$32 
Mitch Webber,United States,Washington,8/25/2020,"$1,008 "
Nancy Lomonaco,United States,California,8/25/2021,$147 
Ryan Crowe,United States,Ohio,8/25/2020,$199 
Seth Vernon,United States,Pennsylvania,8/25/2023,$131 
Aaron Smayling,United States,California,September/25/2022,$478 
Adam Hart,United States,Pennsylvania,September/25/2023,$199 
Adrian Barton,United States,Arizona,September/25/2022,$393 
Anne McFarland,United States,California,September/25/2021,$17 
Arthur Gainer,United States,Virginia,September/25/2023,$178 
Barry Franz,United States,Colorado,September/25/2020,$15 
Bryan Mills,United States,Pennsylvania,September/25/2021,$3 
Carlos Soltero,United States,New York,September/25/2021,$123 
Carol Adams,United States,Ohio,September/25/2023,$24 
Carol Triggs,United States,Minnesota,September/25/2023,$278 
Dan Lawera,United States,California,September/25/2022,"$1,059 "
Dan Reichenbach,United States,New York,September/25/2021,$900 
Dana Kaydos,United States,Illinois,September/25/2021,$129 
Emily Burns,United States,Utah,September/25/2021,"$1,045 "
Erica Hackney,United States,Connecticut,September/25/2021,$63 
Julia West,United States,California,September/25/2022,$17 
Katrina Edelman,United States,Oregon,September/25/2022,$65 
Katrina Willman,United States,New York,September/25/2023,$562 
Luke Schmidt,United States,Montana,September/25/2023,$40 
Marina Lichtenstein,United States,Tennessee,September/25/2021,$23 
Michelle Tran,United States,Texas,September/25/2020,$340 
Nicole Hansen,United States,Texas,September/25/2022,$16 
Phillina Ober,United States,New Jersey,September/25/2021,$183 
Raymond Buch,United States,Ohio,September/25/2023,$131 
Sally Hughsby,United States,Washington,September/25/2021,$480 
Sarah Brown,United States,New Hampshire,September/25/2021,$69 
Steve Chapman,United States,Wisconsin,September/25/2022,$774 
Tony Sayre,United States,Ohio,September/25/2022,$642 
Aaron Hawkins,United States,California,10/25/2020,$49 
Deirdre Greer,United States,Colorado,10/25/2021,$582 
Evan Henry,United States,Pennsylvania,10/25/2020,$54 
Heather Kirkland,United States,Delaware,10/25/2021,$450 
Jennifer Ferguson,United States,Nevada,10/25/2021,$79 
Jill Stevenson,United States,Florida,10/25/2022,$784 
Trudy Brown,United States,California,10/25/2021,$314 
Andy Reiter,United States,Rhode Island,11/25/2020,$53 
Barry Pond,United States,New Jersey,11/25/2022,$883 
Bradley Drucker,United States,California,11/25/2023,$370 
Brenda Bowman,United States,Michigan,11/25/2022,"$1,746 "
Brendan Sweed,United States,Kentucky,11/25/2023,$702 
Cindy Stewart,United States,Ohio,11/25/2022,"$5,017 "
Delfina Latchford,United States,Georgia,11/25/2023,$49 
Edward Becker,United States,California,11/25/2023,$74 
Emily Phan,United States,Arkansas,11/25/2022,$60 
Heather Jas,United States,Florida,11/25/2022,$5 
Henia Zydlo,United States,Florida,11/25/2023,$724 
Jay Kimmel,United States,Alabama,11/25/2022,$73 
Laurel Workman,United States,California,11/25/2020,$372 
Mark Hamilton,United States,California,11/25/2022,$194 
Matt Collister,United States,Texas,11/25/2020,"$1,274 "
Mike Pelletier,United States,New York,11/25/2020,"$1,394 "
Richard Bierner,United States,California,11/25/2020,"$1,273 "
Rose O'Brian,United States,Texas,11/25/2023,"$1,240 "
Sam Zeldin,United States,Michigan,11/25/2023,$502 
Sandra Flanagan,United States,North Carolina,11/25/2021,$13 
Sanjit Engle,United States,Oregon,11/25/2020,$51 
Tracy Zic,United States,California,11/25/2023,$5 
Brian DeCherney,United States,New York,12/25/2022,$34 
Cynthia Voltz,United States,New York,12/25/2023,$42 
Darren Budd,United States,New York,12/25/2022,"$1,180 "
Dionis Lloyd,United States,Michigan,12/25/2021,$256 
Fred Hopkins,United States,California,12/25/2023,$424 
Giulietta Dortch,United States,Washington,12/25/2023,$4 
Grace Kelly,United States,California,12/25/2022,"$2,876 "
Guy Armstrong,United States,Texas,12/25/2023,$160 
Jennifer Halladay,United States,Florida,12/25/2023,$141 
Jim Karlsson,United States,New York,12/25/2021,"$1,293 "
Jim Kriz,United States,New York,12/25/2021,$415 
Joe Elijah,United States,New York,12/25/2022,"$2,563 "
Joe Elijah,United States,Washington,12/25/2022,"$2,446 "
Joni Wasserman,United States,Kentucky,12/25/2023,$400 
Justin Deggeller,United States,Pennsylvania,12/25/2021,$547 
Laurel Workman,United States,Arizona,12/25/2022,$499 
Lena Hernandez,United States,Georgia,12/25/2021,$434 
Maria Bertelson,United States,Tennessee,12/25/2021,$20 
Mick Hernandez,United States,Alabama,12/25/2023,$819 
Patrick O'Donnell,United States,New Jersey,12/25/2023,$32 
Ralph Arnett,United States,California,12/25/2021,"$1,231 "
Ralph Arnett,United States,New York,12/25/2023,$192 
Saphhira Shifley,United States,New Hampshire,12/25/2022,$21 
Sean Miller,United States,California,12/25/2021,$10 
Susan Vittorini,United States,Ohio,12/25/2023,$484 
Trudy Schmidt,United States,Arkansas,12/25/2022,$870 
Bradley Drucker,United States,Georgia,1/26/2023,"$3,003 "
Carol Adams,United States,Alabama,1/26/2023,$23 
Carol Adams,United States,South Dakota,1/26/2020,$153 
Caroline Jumper,United States,California,1/26/2023,$12 
Claire Gute,United States,Texas,1/26/2023,$18 
Elizabeth Moffitt,United States,California,1/26/2021,$183 
Shirley Daniels,United States,Virginia,1/26/2020,$945 
Becky Martin,United States,California,2/26/2023,$357 
Bradley Talbott,United States,California,2/26/2023,"$2,111 "
Dave Brooks,United States,California,2/26/2023,$380 
Benjamin Venier,United States,Florida,3/26/2021,$74 
Cindy Stewart,United States,California,3/26/2020,$19 
Damala Kotsonis,United States,California,3/26/2020,$60 
Dean Braden,United States,North Carolina,3/26/2022,$188 
Ellis Ballard,United States,Washington,3/26/2021,"$3,394 "
Evan Minnotte,United States,Virginia,3/26/2023,$57 
Gary McGarr,United States,New York,3/26/2023,$378 
Gene McClure,United States,Pennsylvania,3/26/2021,$57 
Heather Kirkland,United States,Texas,3/26/2023,"$2,738 "
Jonathan Doherty,United States,California,3/26/2020,$66 
Maria Zettner,United States,Washington,3/26/2023,$20 
Mark Van Huff,United States,Idaho,3/26/2022,$35 
Michelle Lonsdale,United States,Michigan,3/26/2023,$61 
Sibella Parks,United States,New York,3/26/2022,$460 
Suzanne McNair,United States,New York,3/26/2021,"$1,099 "
Aleksandra Gannaway,United States,California,4/26/2020,$249 
Bart Watters,United States,California,4/26/2021,$486 
Dennis Bolton,United States,New York,4/26/2022,$435 
Joel Eaton,United States,Tennessee,4/26/2021,"$1,002 "
Larry Blacks,United States,Texas,4/26/2023,$2 
Marc Harrigan,United States,California,4/26/2020,$34 
Philisse Overcash,United States,Washington,4/26/2023,$60 
Pierre Wener,United States,Texas,4/26/2021,$408 
Sue Ann Reed,United States,Florida,4/26/2021,$194 
Ben Ferrer,United States,North Carolina,5/26/2021,$352 
Bryan Mills,United States,Virginia,5/26/2023,$23 
Carlos Daly,United States,California,5/26/2023,$13 
Cathy Prescott,United States,Florida,5/26/2022,$233 
Chris McAfee,United States,Wisconsin,5/26/2022,$27 
Dean percer,United States,Utah,5/26/2020,$48 
Herbert Flentye,United States,California,5/26/2020,$225 
Kimberly Carter,United States,Kentucky,5/26/2023,$234 
Marina Lichtenstein,United States,California,5/26/2020,$576 
Maurice Satty,United States,Texas,5/26/2022,$477 
Michelle Moray,United States,Illinois,5/26/2020,$476 
Pamela Stobb,United States,Texas,5/26/2021,$610 
Ruben Dartt,United States,Washington,5/26/2021,$20 
Stewart Visinsky,United States,California,5/26/2022,"$1,119 "
Tiffany House,United States,Pennsylvania,5/26/2022,$36 
Toby Braunhardt,United States,District of Columbia,5/26/2022,$83 
Adam Hart,United States,California,June/26/2022,$262 
Alejandro Ballentine,United States,Texas,June/26/2022,$14 
Chris Cortes,United States,Pennsylvania,June/26/2023,$904 
Dan Reichenbach,United States,Florida,June/26/2023,$287 
Dennis Bolton,United States,Ohio,June/26/2021,$43 
Denny Blanton,United States,Indiana,June/26/2023,$526 
Denny Ordway,United States,New York,June/26/2023,$273 
Duane Noonan,United States,California,June/26/2022,$22 
Gene McClure,United States,Rhode Island,June/26/2022,$15 
John Grady,United States,New York,June/26/2022,$719 
Laura Armstrong,United States,Michigan,June/26/2021,$42 
Lela Donovan,United States,Illinois,June/26/2022,$5 
Nora Preis,United States,Colorado,June/26/2023,$432 
Olvera Toch,United States,California,June/26/2023,$84 
Phillip Flathmann,United States,Georgia,June/26/2022,$136 
Scott Cohen,United States,New York,June/26/2023,$913 
Skye Norling,United States,Michigan,June/26/2022,$548 
Steven Cartwright,United States,New York,June/26/2023,$240 
Sue Ann Reed,United States,Virginia,June/26/2021,$535 
Tracy Hopkins,United States,Michigan,June/26/2023,$564 
Valerie Dominguez,United States,Texas,June/26/2021,$972 
Victoria Pisteka,United States,New York,June/26/2022,$199 
Alan Shonely,United States,Pennsylvania,July/26/2021,$10 
Bart Pistole,United States,California,July/26/2021,$131 
Carl Ludwig,United States,Illinois,July/26/2020,$124 
Cyma Kinney,United States,Arizona,July/26/2021,$266 
Cynthia Arntzen,United States,Arizona,July/26/2021,$393 
George Zrebassa,United States,California,July/26/2023,"$2,012 "
Helen Andreada,United States,California,July/26/2021,$168 
Jack O'Briant,United States,Utah,July/26/2020,$112 
Kunst Miller,United States,Nevada,July/26/2020,"$1,891 "
Luke Foster,United States,Texas,July/26/2020,"$2,657 "
Sheri Gordon,United States,Georgia,July/26/2020,$256 
Andrew Allen,United States,Michigan,8/26/2022,"$1,158 "
Charles Crestani,United States,Washington,8/26/2022,$6 
Dan Reichenbach,United States,New York,8/26/2022,$283 
Darren Powers,United States,Illinois,8/26/2023,$65 
Don Jones,United States,California,8/26/2022,"$1,603 "
Frank Merwin,United States,California,8/26/2020,$177 
Heather Jas,United States,Michigan,8/26/2023,$54 
Karl Braun,United States,Delaware,8/26/2020,$31 
Ken Dana,United States,New York,8/26/2022,$147 
Linda Cazamias,United States,Texas,8/26/2022,"$1,185 "
Paul Prost,United States,Delaware,8/26/2020,$159 
Roland Fjeld,United States,California,8/26/2022,$165 
Shirley Schmidt,United States,Wisconsin,8/26/2022,$48 
Steve Carroll,United States,Georgia,8/26/2023,$72 
Stuart Van,United States,Florida,8/26/2022,$31 
Tom Stivers,United States,California,8/26/2022,$8 
Vivek Grady,United States,Pennsylvania,8/26/2022,$53 
Xylona Preis,United States,Georgia,8/26/2022,$187 
Jennifer Sheldon,Canada,Quebec,September/26/2022,$10 
Jennifer Sheldon,Canada,Quebec,September/26/2023,$10 
Bryan Spruell,United States,California,September/26/2021,$189 
Charles Sheldon,United States,Iowa,September/26/2022,$10 
Christopher Schild,United States,Washington,September/26/2020,$310 
Chuck Magee,United States,California,September/26/2022,$125 
Craig Molinari,United States,Pennsylvania,September/26/2020,$69 
Dianna Arnett,United States,Ohio,September/26/2020,$53 
Dorothy Wardle,United States,California,September/26/2022,$13 
Gene McClure,United States,New York,September/26/2021,$743 
Henry Goldwyn,United States,Texas,September/26/2020,$1 
Karen Ferguson,United States,California,September/26/2020,$605 
Kean Takahito,United States,California,September/26/2020,$146 
Lisa Ryan,United States,Texas,September/26/2022,$548 
Matt Hagelstein,United States,Texas,September/26/2022,$7 
Michael Moore,United States,Illinois,September/26/2020,$154 
Natalie Fritzler,United States,Illinois,September/26/2022,$756 
Nicole Brennan,United States,Pennsylvania,September/26/2020,$144 
Philip Fox,United States,New York,September/26/2021,$50 
Rick Wilson,United States,Arizona,September/26/2021,"$1,044 "
Ruben Ausman,United States,California,September/26/2023,"$1,065 "
Sally Hughsby,United States,California,September/26/2022,$425 
Sanjit Jacobs,United States,Florida,September/26/2023,$419 
Sara Luxemburg,United States,Oregon,September/26/2023,$2 
Sarah Foster,United States,Pennsylvania,September/26/2021,$167 
Shahid Collister,United States,Texas,September/26/2022,$16 
Steve Nguyen,United States,Washington,September/26/2022,$367 
Steven Cartwright,United States,Texas,September/26/2021,"$1,116 "
Tanja Norvell,United States,Florida,September/26/2022,$432 
Tracy Blumstein,United States,Oregon,September/26/2021,$413 
Andrew Gjertsen,United States,Arizona,10/26/2021,$174 
Angele Hood,United States,Washington,10/26/2020,$448 
Benjamin Farhat,United States,Texas,10/26/2023,$56 
Jamie Frazer,United States,Pennsylvania,10/26/2023,$167 
Kristen Hastings,United States,Oregon,10/26/2021,"$1,215 "
Maribeth Yedwab,United States,California,10/26/2021,$6 
Olvera Toch,United States,Virginia,10/26/2023,$608 
Paul Gonzalez,United States,Minnesota,10/26/2023,$26 
Shaun Chance,United States,Pennsylvania,10/26/2023,$143 
Adam Hart,United States,Georgia,11/26/2023,$13 
Carol Triggs,United States,Pennsylvania,11/26/2022,$495 
Corey Catlett,United States,Ohio,11/26/2023,$265 
Cynthia Delaney,United States,Connecticut,11/26/2022,$73 
Dean Katz,United States,New York,11/26/2022,$313 
Eric Hoffmann,United States,Pennsylvania,11/26/2022,$79 
Erin Ashbrook,United States,Missouri,11/26/2021,$600 
Frank Gastineau,United States,New York,11/26/2023,$152 
George Ashbrook,United States,Texas,11/26/2022,$18 
Guy Phonely,United States,Massachusetts,11/26/2021,$192 
Guy Thornton,United States,Illinois,11/26/2023,$34 
Joel Eaton,United States,Texas,11/26/2020,$19 
Lindsay Shagiari,United States,California,11/26/2020,$82 
Liz Thompson,United States,Ohio,11/26/2023,$221 
Luke Schmidt,United States,California,11/26/2020,$67 
Lynn Smith,United States,Missouri,11/26/2023,$164 
Lynn Smith,United States,New York,11/26/2020,$415 
Maribeth Schnelling,United States,California,11/26/2022,"$4,104 "
Mark Cousins,United States,Alabama,11/26/2022,"$3,236 "
Michael Nguyen,United States,New York,11/26/2023,"$1,115 "
Natalie Webber,United States,Oregon,11/26/2020,"$1,123 "
Pete Armstrong,United States,Florida,11/26/2022,$4 
Stefanie Holloman,United States,Tennessee,11/26/2021,$692 
Tamara Chand,United States,Washington,11/26/2022,$7 
Tonja Turnell,United States,Indiana,11/26/2023,"$3,084 "
Brian Dahlen,Canada,Quebec,12/26/2022,$22 
Brian Dahlen,Canada,Quebec,12/26/2021,$22 
Alan Dominguez,United States,Texas,12/26/2020,$601 
Andrew Roberts,United States,New York,12/26/2022,$90 
Andy Yotov,United States,Pennsylvania,12/26/2020,$8 
Anthony Johnson,United States,New York,12/26/2022,$5 
Brenda Bowman,United States,New Jersey,12/26/2022,$239 
Brian Dahlen,United States,Massachusetts,12/26/2021,$22 
Christina Anderson,United States,Illinois,12/26/2020,$9 
Clytie Kelty,United States,California,12/26/2020,$15 
David Flashing,United States,New York,12/26/2021,$213 
Frank Preis,United States,Washington,12/26/2022,$34 
Karen Bern,United States,Texas,12/26/2023,$16 
Kelly Lampkin,United States,Colorado,12/26/2020,$855 
Maureen Gnade,United States,Pennsylvania,12/26/2020,$362 
Mick Crebagga,United States,Ohio,12/26/2021,$52 
Mike Caudle,United States,California,12/26/2022,"$1,431 "
Patrick O'Brill,United States,Iowa,12/26/2023,$45 
Roger Barcio,United States,Texas,12/26/2021,$275 
Roy Collins,United States,Colorado,12/26/2022,$11 
Sally Hughsby,United States,Colorado,12/26/2022,$19 
Tracy Blumstein,United States,New York,12/26/2020,$192 
Tracy Collins,United States,Ohio,12/26/2023,$3 
Yoseph Carroll,United States,Nebraska,12/26/2023,$751 
Ed Jacobs,United States,California,1/27/2020,$427 
John Huston,United States,Ohio,1/27/2023,$194 
Sean Christensen,United States,California,1/27/2021,"$2,804 "
Seth Vernon,United States,Ohio,1/27/2021,$769 
Toby Gnade,United States,New York,1/27/2023,$138 
Bill Tyler,United States,Pennsylvania,2/27/2021,$20 
Dan Lawera,United States,New York,2/27/2022,$171 
Don Weiss,United States,Texas,2/27/2022,$16 
Eric Barreto,United States,Wisconsin,2/27/2022,$57 
Erin Smith,United States,Rhode Island,2/27/2021,$600 
Joy Smith,United States,Ohio,2/27/2020,$19 
Nora Paige,United States,Washington,2/27/2021,$539 
Alejandro Grove,United States,Pennsylvania,3/27/2023,$15 
Brendan Dodson,United States,California,3/27/2023,$169 
Caroline Jumper,United States,Texas,3/27/2023,"$1,875 "
David Smith,United States,Georgia,3/27/2022,$93 
Lena Cacioppo,United States,Virginia,3/27/2023,$875 
Mark Van Huff,United States,Washington,3/27/2021,$84 
Arthur Prichep,United States,California,4/27/2023,$184 
Cynthia Voltz,United States,Texas,4/27/2023,$253 
Greg Tran,United States,District of Columbia,4/27/2021,"$2,670 "
Henry MacAllister,United States,Washington,4/27/2023,$140 
Tony Chapman,United States,Colorado,4/27/2021,$49 
Bart Watters,United States,North Carolina,5/27/2023,$39 
Brian Stugart,United States,Illinois,5/27/2022,"$1,328 "
Dianna Wilson,United States,Kentucky,5/27/2023,$598 
Duane Noonan,United States,Oklahoma,5/27/2023,$477 
Eric Hoffmann,United States,Tennessee,5/27/2023,$26 
James Galang,United States,Idaho,5/27/2023,$815 
Laura Armstrong,United States,Michigan,5/27/2022,"$3,964 "
Laurel Elliston,United States,Illinois,5/27/2020,$17 
Lena Creighton,United States,California,5/27/2020,"$1,213 "
Lynn Smith,United States,California,5/27/2022,$13 
Maya Herman,United States,California,5/27/2020,$926 
Roy Phan,United States,Washington,5/27/2023,$130 
Anna Chung,United States,California,June/27/2022,$202 
Greg Tran,United States,Nebraska,June/27/2023,$20 
Katharine Harms,United States,Illinois,June/27/2022,$577 
Liz MacKendrick,United States,Mississippi,June/27/2020,$616 
Michelle Arnett,United States,New York,June/27/2023,$192 
Pauline Webber,United States,Washington,June/27/2023,"$1,433 "
Aaron Smayling,United States,New York,July/27/2020,$66 
Barry Blumstein,United States,California,July/27/2020,$276 
Dennis Kane,United States,Washington,July/27/2023,$298 
Giulietta Weimer,United States,California,July/27/2020,$238 
Joni Wasserman,United States,North Carolina,July/27/2023,$195 
Mike Gockenbach,United States,Florida,July/27/2023,$91 
Patrick Gardner,United States,Kentucky,July/27/2021,$30 
Tony Molinari,United States,New York,July/27/2023,$559 
Allen Rosenblatt,United States,Massachusetts,8/27/2023,"$1,488 "
Ben Peterman,United States,Pennsylvania,8/27/2023,"$1,133 "
Chad Cunningham,United States,California,8/27/2021,$5 
Corey Catlett,United States,Virginia,8/27/2020,"$1,812 "
Dan Reichenbach,United States,California,8/27/2023,"$2,972 "
Dana Kaydos,United States,Tennessee,8/27/2023,$5 
Elizabeth Moffitt,United States,Florida,8/27/2022,$9 
Mathew Reese,United States,New York,8/27/2023,$449 
Michael Moore,United States,Virginia,8/27/2020,$13 
Philip Fox,United States,California,8/27/2021,$150 
Ryan Akin,United States,California,8/27/2021,$485 
Sanjit Engle,United States,Texas,8/27/2023,$6 
Sarah Foster,United States,Arizona,8/27/2023,$121 
Shui Tom,United States,Florida,8/27/2023,$14 
Stefania Perrino,United States,Florida,8/27/2023,$3 
Sung Shariari,United States,Texas,8/27/2022,$115 
Ted Butterfield,United States,Massachusetts,8/27/2022,$550 
Todd Boyes,United States,Texas,8/27/2022,$94 
Zuschuss Donatelli,United States,California,8/27/2020,$245 
Brian Moss,United States,Ohio,September/27/2022,$3 
Harry Marie,United States,Texas,September/27/2022,$957 
Helen Wasserman,United States,Michigan,September/27/2021,$42 
James Galang,United States,Georgia,September/27/2022,$32 
Jamie Kunitz,United States,Virginia,September/27/2021,"$2,027 "
Neoma Murray,United States,Illinois,September/27/2021,$39 
Rick Huthwaite,United States,California,September/27/2021,$175 
Saphhira Shifley,United States,Washington,September/27/2021,$99 
Shaun Weien,United States,Washington,September/27/2022,"$1,002 "
Thea Hendricks,United States,California,September/27/2020,$686 
Thomas Seio,United States,New Jersey,September/27/2020,$88 
Bart Pistole,United States,California,10/27/2022,$69 
Ben Wallace,United States,New York,10/27/2022,$512 
Ben Wallace,United States,Virginia,10/27/2022,$291 
Jack O'Briant,United States,California,10/27/2023,$653 
Jeremy Ellison,United States,New York,10/27/2022,$40 
Jim Mitchum,United States,California,10/27/2023,$262 
Matt Abelman,United States,Illinois,10/27/2023,$34 
Nona Balk,United States,Florida,10/27/2023,$69 
Pete Armstrong,United States,California,10/27/2022,$67 
Ross DeVincentis,United States,North Carolina,10/27/2020,$22 
Sally Hughsby,United States,Texas,10/27/2023,$24 
Tamara Willingham,United States,Arizona,10/27/2023,$45 
Bill Donatelli,United States,California,11/27/2023,$136 
Brian Moss,United States,Wisconsin,11/27/2023,$191 
Carlos Daly,United States,California,11/27/2021,$284 
Cassandra Brandow,United States,New Jersey,11/27/2022,$345 
Chris McAfee,United States,Arizona,11/27/2022,$40 
Craig Carreira,United States,Arizona,11/27/2022,$272 
Denny Ordway,United States,Florida,11/27/2021,$459 
Doug Bickford,United States,North Carolina,11/27/2023,$52 
Doug O'Connell,United States,California,11/27/2023,$58 
Eugene Hildebrand,United States,Pennsylvania,11/27/2021,$749 
Greg Guthrie,United States,Illinois,11/27/2022,$160 
Herbert Flentye,United States,Florida,11/27/2022,$448 
Jack O'Briant,United States,New York,11/27/2020,$200 
Jeremy Ellison,United States,New York,11/27/2021,$30 
Justin Deggeller,United States,Delaware,11/27/2021,$189 
Justin Ritter,United States,Indiana,11/27/2023,$656 
Lindsay Williams,United States,California,11/27/2023,$411 
Matt Abelman,United States,Massachusetts,11/27/2021,"$1,171 "
Maxwell Schwartz,United States,New York,11/27/2020,$4 
Pamela Coakley,United States,New Jersey,11/27/2022,$32 
Resi Pölking,United States,New York,11/27/2023,$114 
Rob Williams,United States,Kansas,11/27/2022,$187 
Steve Nguyen,United States,California,11/27/2021,$222 
Thomas Brumley,United States,Arkansas,11/27/2021,$6 
Victoria Brennan,United States,Michigan,11/27/2022,$167 
Aaron Hawkins,United States,California,12/27/2021,$991 
Alyssa Tate,United States,California,12/27/2020,$12 
Arthur Gainer,United States,California,12/27/2021,$129 
Brad Thomas,United States,Maryland,12/27/2021,$385 
Brooke Gillingham,United States,Illinois,12/27/2022,$845 
Corey-Lock,United States,Illinois,12/27/2020,$63 
Cynthia Delaney,United States,California,12/27/2020,$107 
Dan Reichenbach,United States,Ohio,12/27/2023,$178 
Daniel Raglin,United States,Illinois,12/27/2021,$13 
David Bremer,United States,Ohio,12/27/2021,"$1,569 "
Eugene Moren,United States,California,12/27/2022,$20 
Jeremy Farry,United States,California,12/27/2020,$243 
Joni Wasserman,United States,Kentucky,12/27/2022,$3 
Karl Braun,United States,Ohio,12/27/2020,$301 
Kean Nguyen,United States,California,12/27/2021,$8 
Maribeth Dona,United States,Arkansas,12/27/2021,$105 
Meg Tillman,United States,Texas,12/27/2022,$34 
Mitch Webber,United States,Ohio,12/27/2022,$40 
Nathan Cano,United States,Texas,12/27/2020,$5 
Resi Pölking,United States,Arizona,12/27/2020,$947 
Richard Eichhorn,United States,Wisconsin,12/27/2021,$436 
Ross DeVincentis,United States,Ohio,12/27/2022,$17 
Steve Nguyen,United States,Texas,12/27/2021,"$1,229 "
Sung Pak,United States,Tennessee,12/27/2021,$284 
Tamara Chand,United States,Alabama,12/27/2020,$522 
Thomas Brumley,United States,New York,12/27/2020,$767 
Beth Thompson,United States,California,1/28/2023,$278 
Craig Leslie,United States,New York,1/28/2023,$450 
Giulietta Baptist,United States,Kansas,1/28/2023,$280 
Henry Goldwyn,United States,California,1/28/2022,$40 
Jasper Cacioppo,United States,New York,1/28/2020,$4 
Joseph Holt,United States,North Carolina,1/28/2021,"$4,298 "
Duane Benoit,United States,Connecticut,2/28/2023,$18 
Lena Cacioppo,United States,Ohio,2/28/2022,$111 
Rick Reed,United States,New York,2/28/2022,$36 
Valerie Dominguez,United States,Tennessee,2/28/2021,$551 
Aaron Smayling,United States,Virginia,3/28/2022,$31 
Alan Barnes,United States,California,3/28/2021,$200 
Chloris Kastensmidt,United States,Pennsylvania,3/28/2021,$21 
Chris Cortes,United States,California,3/28/2022,$94 
Christina VanderZanden,United States,Iowa,3/28/2020,"$1,191 "
Cyma Kinney,United States,Florida,3/28/2023,$69 
Daniel Raglin,United States,New Mexico,3/28/2020,$302 
Dave Hallsten,United States,California,3/28/2023,"$1,436 "
John Huston,United States,New York,3/28/2021,$23 
Mike Pelletier,United States,Ohio,3/28/2020,$331 
Arianne Irving,United States,California,4/28/2020,"$1,680 "
Bill Overfelt,United States,California,4/28/2022,$42 
David Smith,United States,New York,4/28/2020,$160 
Erica Hernandez,United States,Colorado,4/28/2022,$29 
George Bell,United States,Ohio,4/28/2020,$212 
Jack Lebron,United States,North Carolina,4/28/2023,$28 
Janet Lee,United States,Florida,4/28/2023,$752 
Matt Connell,United States,Pennsylvania,4/28/2023,$15 
Muhammed Yedwab,United States,Maryland,4/28/2020,$527 
Nona Balk,United States,Texas,4/28/2022,$385 
Rob Beeghly,United States,Illinois,4/28/2022,$30 
Russell Applegate,United States,Texas,4/28/2021,$45 
Shirley Daniels,United States,Michigan,4/28/2021,"$4,000 "
Alice McCarthy,United States,Ohio,5/28/2023,$130 
Candace McMahon,United States,Arizona,5/28/2023,$483 
Clay Ludtke,United States,California,5/28/2022,"$1,158 "
Edward Hooks,United States,New York,5/28/2022,$55 
Jonathan Howell,United States,Texas,5/28/2023,$54 
Karl Braun,United States,New York,5/28/2021,$61 
Kimberly Carter,United States,Florida,5/28/2022,$452 
Lori Olson,United States,New Hampshire,5/28/2023,$247 
Magdelene Morse,United States,Washington,5/28/2020,$137 
Maxwell Schwartz,United States,New York,5/28/2021,$633 
Michael Dominguez,United States,Maryland,5/28/2023,$153 
Neil Knudson,United States,Washington,5/28/2021,$7 
Patrick Jones,United States,Washington,5/28/2020,$85 
Patrick O'Donnell,United States,South Carolina,5/28/2023,$302 
Tanja Norvell,United States,Illinois,5/28/2022,$286 
Tiffany House,United States,Illinois,5/28/2023,$110 
Trudy Brown,United States,Connecticut,5/28/2021,$94 
Valerie Dominguez,United States,Mississippi,5/28/2022,$186 
George Zrebassa,Canada,Quebec,June/28/2022,$38 
Becky Pak,United States,New Jersey,June/28/2022,$476 
Chris Selesnick,United States,California,June/28/2022,$41 
Craig Yedwab,United States,Arizona,June/28/2021,$628 
Cynthia Arntzen,United States,Pennsylvania,June/28/2020,"$1,640 "
Dorothy Wardle,United States,Ohio,June/28/2021,$498 
Mark Packer,United States,Georgia,June/28/2021,$260 
Rob Williams,United States,Michigan,June/28/2020,$6 
Roland Fjeld,United States,Illinois,June/28/2022,$360 
Barry Franz,United States,Texas,July/28/2022,$327 
Chloris Kastensmidt,United States,Florida,July/28/2020,$193 
Khloe Miller,United States,California,July/28/2022,$19 
Matt Hagelstein,United States,California,July/28/2023,"$1,171 "
Olvera Toch,United States,Pennsylvania,July/28/2022,"$1,557 "
Steve Carroll,United States,Michigan,July/28/2022,$130 
Ben Peterman,United States,Texas,8/28/2021,"$1,203 "
Cassandra Brandow,United States,California,8/28/2021,"$2,018 "
Chad Sievert,United States,Colorado,8/28/2022,$124 
Edward Becker,United States,Ohio,8/28/2022,$18 
Kristina Nunn,United States,Washington,8/28/2023,"$1,278 "
Matthew Grinstein,United States,Wisconsin,8/28/2023,$113 
Sean Christensen,United States,Illinois,8/28/2023,$52 
Suzanne McNair,United States,Connecticut,8/28/2021,$470 
Todd Sumrall,United States,Illinois,8/28/2021,"$2,800 "
Tom Prescott,United States,Texas,8/28/2022,$180 
George Zrebassa,Canada,Quebec,September/28/2020,$11 
Bruce Degenhardt,United States,California,September/28/2023,$9 
Charles McCrossin,United States,Texas,September/28/2023,$2 
Darrin Sayre,United States,Colorado,September/28/2023,$535 
George Zrebassa,United States,Massachusetts,September/28/2020,$46 
Henry Goldwyn,United States,California,September/28/2021,$87 
Jennifer Jackson,United States,New York,September/28/2021,$602 
Keith Dawkins,United States,North Carolina,September/28/2020,$107 
Muhammed MacIntyre,United States,Illinois,September/28/2022,$99 
Roy Phan,United States,California,September/28/2021,$352 
Sung Pak,United States,Florida,September/28/2023,$10 
Sylvia Foulston,United States,Pennsylvania,September/28/2023,$3 
Xylona Preis,United States,Florida,September/28/2020,$337 
Zuschuss Carroll,United States,Colorado,September/28/2021,$18 
Alejandro Savely,United States,California,10/28/2022,$100 
Bill Tyler,United States,Kansas,10/28/2020,$258 
Denise Leinenbach,United States,New York,10/28/2022,$12 
Emily Phan,United States,Florida,10/28/2022,$38 
Janet Martin,United States,North Carolina,10/28/2023,$273 
Jonathan Doherty,United States,New Jersey,10/28/2022,"$1,264 "
Jonathan Howell,United States,California,10/28/2022,$395 
Keith Herrera,United States,Texas,10/28/2023,$66 
Lori Olson,United States,New York,10/28/2023,$48 
Patrick Gardner,United States,Florida,10/28/2022,$314 
Rob Dowd,United States,Kentucky,10/28/2021,$105 
Sue Ann Reed,United States,Massachusetts,10/28/2023,$22 
Suzanne McNair,United States,North Carolina,10/28/2022,$18 
Todd Sumrall,United States,California,10/28/2020,"$1,253 "
Victoria Brennan,United States,New York,10/28/2022,$757 
Anthony Jacobs,United States,Florida,11/28/2022,$7 
Ashley Jarboe,United States,California,11/28/2021,$45 
Bart Folk,United States,Alabama,11/28/2020,$15 
Brian Thompson,United States,Texas,11/28/2020,$999 
Chris Selesnick,United States,South Carolina,11/28/2020,$542 
Dan Reichenbach,United States,Illinois,11/28/2021,$796 
David Smith,United States,Pennsylvania,11/28/2022,$740 
Deirdre Greer,United States,New York,11/28/2023,"$2,060 "
Duane Huffman,United States,California,11/28/2020,$460 
Emily Phan,United States,California,11/28/2023,$63 
Eugene Barchas,United States,Ohio,11/28/2021,$74 
Evan Bailliet,United States,Texas,11/28/2021,$336 
Lena Creighton,United States,Illinois,11/28/2021,$152 
Lindsay Shagiari,United States,Maryland,11/28/2023,"$1,072 "
Mark Cousins,United States,New York,11/28/2021,$130 
Mary O'Rourke,United States,New York,11/28/2020,$17 
Matthew Clasen,United States,Indiana,11/28/2020,$64 
Michelle Arnett,United States,New Mexico,11/28/2021,$8 
Randy Ferguson,United States,Georgia,11/28/2022,"$2,674 "
Rick Hansen,United States,Colorado,11/28/2023,$89 
Ross Baird,United States,Pennsylvania,11/28/2023,"$3,630 "
Sally Knutson,United States,Connecticut,11/28/2022,$7 
Sheri Gordon,United States,California,11/28/2020,$184 
Tom Prescott,United States,New York,11/28/2021,$323 
Anthony Jacobs,United States,Massachusetts,12/28/2020,"$2,583 "
Christopher Schild,United States,North Dakota,12/28/2023,$28 
Eric Murdock,United States,Pennsylvania,12/28/2021,$54 
Erica Hernandez,United States,Tennessee,12/28/2023,$65 
Fred Harton,United States,Illinois,12/28/2021,$25 
Greg Hansen,United States,Texas,12/28/2023,$106 
Harry Marie,United States,Washington,12/28/2023,$7 
Jason Gross,United States,California,12/28/2023,$341 
Jennifer Ferguson,United States,New York,12/28/2023,$135 
Kristen Hastings,United States,California,12/28/2023,$726 
Lori Olson,United States,Illinois,12/28/2023,$126 
Maribeth Dona,United States,California,12/28/2020,"$1,050 "
Pamela Coakley,United States,Colorado,12/28/2023,$1 
Sung Pak,United States,Pennsylvania,12/28/2020,$99 
Susan Vittorini,United States,New Mexico,12/28/2023,$123 
Bryan Davis,United States,Pennsylvania,1/29/2023,$5 
Clytie Kelty,United States,Illinois,1/29/2023,$12 
Rob Dowd,United States,New York,1/29/2023,$5 
Tamara Manning,United States,Iowa,1/29/2023,$136 
Vivek Gonzalez,United States,California,1/29/2023,$137 
Alan Shonely,United States,Virginia,3/29/2021,$6 
Chad McGuire,United States,New York,3/29/2021,$18 
Denny Ordway,United States,Washington,3/29/2021,$73 
Janet Martin,United States,New York,3/29/2022,$499 
Maria Etezadi,United States,Illinois,3/29/2022,"$1,702 "
Mike Gockenbach,United States,Texas,3/29/2020,$891 
Richard Bierner,United States,California,3/29/2021,$296 
Roger Demir,United States,Indiana,3/29/2023,$81 
Sara Luxemburg,United States,Florida,3/29/2021,"$1,167 "
Troy Blackwell,United States,Ohio,3/29/2022,$458 
Filia McAdams,United States,Ohio,4/29/2023,"$1,048 "
Harry Greene,United States,Louisiana,4/29/2020,$70 
Jim Kriz,United States,Pennsylvania,4/29/2021,$8 
Katherine Hughes,United States,Delaware,4/29/2020,$20 
Kean Thornton,United States,New Jersey,4/29/2023,$5 
Laura Armstrong,United States,Tennessee,4/29/2020,$662 
Lauren Leatherbury,United States,New York,4/29/2020,$17 
Chad Cunningham,United States,Ohio,5/29/2021,$85 
Guy Thornton,United States,Texas,5/29/2023,$79 
Henia Zydlo,United States,Texas,5/29/2023,$65 
Jesus Ocampo,United States,Nebraska,5/29/2023,$24 
John Lucas,United States,Washington,5/29/2021,$741 
Karl Braun,United States,Indiana,5/29/2021,$12 
Maris LaWare,United States,Indiana,5/29/2023,$523 
Raymond Buch,United States,Tennessee,5/29/2022,$60 
Rob Lucas,United States,Alabama,5/29/2022,"$1,003 "
Victoria Pisteka,United States,Ohio,5/29/2021,$367 
Alex Avila,United States,Minnesota,June/29/2023,$374 
Carol Triggs,United States,California,June/29/2023,$313 
Corey-Lock,United States,South Carolina,June/29/2022,$192 
Dan Lawera,United States,Ohio,June/29/2020,$33 
Dan Reichenbach,United States,Connecticut,June/29/2023,$695 
Dean Katz,United States,California,June/29/2023,"$1,296 "
Fred Chung,United States,Texas,June/29/2023,$5 
Jim Karlsson,United States,New York,June/29/2020,$14 
Max Engle,United States,Texas,June/29/2023,$739 
Michelle Moray,United States,New York,June/29/2021,$25 
Neil Französisch,United States,Nebraska,June/29/2021,$270 
Sheri Gordon,United States,New York,June/29/2021,$118 
Steven Cartwright,United States,Pennsylvania,June/29/2021,$20 
William Brown,United States,California,June/29/2023,"$1,101 "
Anna Gayman,United States,North Carolina,July/29/2023,$61 
Gary McGarr,United States,New York,July/29/2023,$60 
Giulietta Weimer,United States,Washington,July/29/2023,$91 
Jack O'Briant,United States,Pennsylvania,July/29/2022,$85 
Laura Armstrong,United States,Texas,July/29/2023,$128 
Pierre Wener,United States,Florida,July/29/2022,$2 
Ritsa Hightower,United States,North Carolina,July/29/2022,$732 
Roland Fjeld,United States,Oklahoma,July/29/2023,$936 
Vivek Gonzalez,United States,Washington,July/29/2023,$116 
Adam Bellavance,United States,New Hampshire,8/29/2022,$28 
Cathy Prescott,United States,Illinois,8/29/2023,$78 
Chad Cunningham,United States,Michigan,8/29/2021,$247 
George Bell,United States,Pennsylvania,8/29/2022,$420 
Hilary Holden,United States,California,8/29/2020,$123 
Meg O'Connel,United States,New York,8/29/2022,$22 
Michael Dominguez,United States,Pennsylvania,8/29/2023,$9 
Rick Bensley,United States,Illinois,8/29/2022,$162 
Rick Wilson,United States,California,8/29/2023,$148 
Ryan Akin,United States,Florida,8/29/2020,$709 
Andy Reiter,United States,California,September/29/2022,$27 
Ann Steele,United States,Texas,September/29/2023,$372 
Arthur Prichep,United States,California,September/29/2020,$968 
Chad Cunningham,United States,Indiana,September/29/2022,$41 
Dario Medina,United States,Arizona,September/29/2022,$10 
Erin Smith,United States,Oregon,September/29/2022,$859 
Evan Bailliet,United States,Washington,September/29/2020,$818 
Fred Hopkins,United States,New York,September/29/2023,$8 
Jas O'Carroll,United States,Tennessee,September/29/2023,$244 
Joe Kamberova,United States,Alabama,September/29/2022,$299 
Joe Kamberova,United States,California,September/29/2023,$97 
Joseph Airdo,United States,New York,September/29/2023,$75 
Linda Southworth,United States,Pennsylvania,September/29/2022,$16 
Lisa DeCherney,United States,New York,September/29/2020,"$1,609 "
Maris LaWare,United States,California,September/29/2022,$36 
Maureen Gastineau,United States,Ohio,September/29/2023,$693 
Michelle Ellison,United States,Ohio,September/29/2023,$51 
Pamela Stobb,United States,California,September/29/2022,$19 
Patrick Gardner,United States,California,September/29/2023,$304 
Paul Prost,United States,Washington,September/29/2020,"$2,355 "
Sonia Cooley,United States,California,September/29/2023,$99 
Suzanne McNair,United States,Pennsylvania,September/29/2020,"$2,359 "
George Bell,United States,New York,10/29/2023,$47 
Jim Mitchum,United States,New Jersey,10/29/2022,$52 
Katrina Willman,United States,Michigan,10/29/2022,$67 
Logan Haushalter,United States,California,10/29/2022,$12 
Noah Childs,United States,Indiana,10/29/2020,$78 
Nona Balk,United States,California,10/29/2021,$244 
Sue Ann Reed,United States,Illinois,10/29/2020,"$2,736 "
Alan Hwang,United States,California,11/29/2020,$606 
Anthony Witt,United States,Texas,11/29/2021,$30 
Bill Stewart,United States,Illinois,11/29/2020,$13 
Bill Tyler,United States,Michigan,11/29/2021,"$1,127 "
Corey-Lock,United States,Pennsylvania,11/29/2020,$5 
Daniel Raglin,United States,Illinois,11/29/2022,$242 
Eileen Kiefer,United States,California,11/29/2021,$56 
Nick Crebassa,United States,Texas,11/29/2022,$58 
Philip Brown,United States,New York,11/29/2020,$25 
Phillina Ober,United States,California,11/29/2021,$4 
Sylvia Foulston,United States,Michigan,11/29/2021,"$1,542 "
Ted Trevino,United States,Tennessee,11/29/2023,$492 
Bruce Galang,Canada,Quebec,12/29/2023,$88 
Bruce Galang,Canada,Quebec,12/29/2020,$346 
James Peterman,Canada,Newfoundland and Labrador,12/29/2020,$20 
James Peterman,Canada,Newfoundland and Labrador,12/29/2023,$99 
Anthony Johnson,United States,California,12/29/2020,"$1,366 "
Arianne Irving,United States,California,12/29/2020,$409 
Ben Peterman,United States,California,12/29/2023,$101 
Bruce Stewart,United States,Washington,12/29/2023,$88 
Carlos Daly,United States,Kansas,12/29/2022,$153 
Debra Catini,United States,Minnesota,12/29/2020,$144 
Frank Olsen,United States,California,12/29/2022,$42 
James Galang,United States,California,12/29/2023,$696 
Katherine Hughes,United States,Kentucky,12/29/2023,"$1,815 "
Kelly Andreada,United States,Illinois,12/29/2022,$186 
Ken Brennan,United States,Michigan,12/29/2023,$210 
Ken Lonsdale,United States,Oregon,12/29/2022,$28 
Marc Harrigan,United States,Florida,12/29/2022,$63 
Michael Chen,United States,New York,12/29/2023,$6 
Michael Granlund,United States,Illinois,12/29/2020,$9 
Michael Paige,United States,Tennessee,12/29/2022,$41 
Phillip Flathmann,United States,California,12/29/2022,$11 
Ricardo Emerson,United States,Ohio,12/29/2020,$48 
Roy Französisch,United States,New York,12/29/2021,$6 
Shui Tom,United States,New Mexico,12/29/2020,$57 
Troy Blackwell,United States,Wisconsin,12/29/2022,$754 
Zuschuss Carroll,United States,Illinois,12/29/2020,$39 
Benjamin Venier,United States,Iowa,1/30/2023,$340 
Charles Crestani,United States,California,1/30/2021,"$2,147 "
David Flashing,United States,Illinois,1/30/2022,"$2,068 "
Emily Burns,United States,Florida,1/30/2023,$419 
Eugene Hildebrand,United States,California,1/30/2023,$142 
Harold Engle,United States,Illinois,1/30/2022,$157 
Jeremy Farry,United States,California,1/30/2022,$17 
Jeremy Pistek,United States,Texas,1/30/2021,$14 
Liz Preis,United States,Illinois,1/30/2023,"$2,114 "
Michael Moore,United States,California,1/30/2023,$129 
Mike Vittorini,United States,Michigan,1/30/2020,$241 
Sam Zeldin,United States,Washington,1/30/2023,$605 
Steven Cartwright,United States,California,1/30/2022,$382 
Tim Brockman,United States,Washington,1/30/2022,$484 
Alan Barnes,United States,California,3/30/2023,$94 
Becky Pak,United States,Pennsylvania,3/30/2023,$6 
Cathy Prescott,United States,Connecticut,3/30/2022,$11 
Daniel Raglin,United States,Illinois,3/30/2021,$367 
Dorris liebe,United States,Washington,3/30/2020,$60 
Fred Chung,United States,Illinois,3/30/2021,$204 
Guy Armstrong,United States,California,3/30/2020,$206 
Kunst Miller,United States,New York,3/30/2020,$50 
Maria Etezadi,United States,Georgia,3/30/2023,$60 
Mark Packer,United States,Texas,3/30/2020,$715 
Nat Carroll,United States,Minnesota,3/30/2020,$129 
Susan Gilcrest,United States,New York,3/30/2020,$11 
Tom Boeckenhauer,United States,California,3/30/2023,$171 
Tony Molinari,United States,Oklahoma,3/30/2023,$326 
Alan Dominguez,United States,California,4/30/2023,$164 
Ann Steele,United States,Florida,4/30/2023,$32 
Ben Ferrer,United States,Texas,4/30/2022,$23 
Benjamin Patterson,United States,Ohio,4/30/2021,"$1,023 "
Dionis Lloyd,United States,New York,4/30/2023,$63 
Don Jones,United States,California,4/30/2023,$96 
Erin Ashbrook,United States,California,4/30/2023,$10 
Jane Waco,United States,Massachusetts,4/30/2021,$281 
Jeremy Farry,United States,Ohio,4/30/2023,$10 
John Lee,United States,New York,4/30/2022,$8 
Justin MacKendrick,United States,Kentucky,4/30/2020,"$1,001 "
Ken Black,United States,California,4/30/2021,$54 
Ken Dana,United States,Arizona,4/30/2022,$112 
Mick Hernandez,United States,Florida,4/30/2023,$226 
Neoma Murray,United States,Connecticut,4/30/2023,$6 
Nick Zandusky,United States,California,4/30/2023,$23 
Paul Stevenson,United States,Illinois,4/30/2021,$213 
Quincy Jones,United States,Pennsylvania,4/30/2023,$691 
Saphhira Shifley,United States,Florida,4/30/2023,$26 
Tamara Manning,United States,Mississippi,4/30/2020,$48 
Tony Chapman,United States,Illinois,4/30/2023,$43 
Anna Häberlin,United States,Virginia,5/30/2022,"$4,317 "
Annie Thurman,United States,Texas,5/30/2022,$304 
Brendan Dodson,United States,Virginia,5/30/2021,$152 
Brooke Gillingham,United States,Ohio,5/30/2022,$840 
Bruce Degenhardt,United States,Louisiana,5/30/2023,$254 
Edward Becker,United States,Virginia,5/30/2022,$139 
Edward Nazzal,United States,New York,5/30/2021,$529 
Ellis Ballard,United States,Virginia,5/30/2020,$14 
Eugene Moren,United States,Wisconsin,5/30/2022,"$1,283 "
James Galang,United States,New York,5/30/2020,$70 
Jason Gross,United States,California,5/30/2022,$168 
Justin MacKendrick,United States,Ohio,5/30/2022,$124 
Kean Thornton,United States,Texas,5/30/2023,$205 
Kelly Andreada,United States,California,5/30/2023,$35 
Laurel Workman,United States,New York,5/30/2020,$765 
Maribeth Yedwab,United States,Colorado,5/30/2022,$874 
Mark Cousins,United States,Illinois,5/30/2020,$720 
Michael Granlund,United States,Oregon,5/30/2023,$206 
Nancy Lomonaco,United States,California,5/30/2022,$39 
Robert Waldorf,United States,North Carolina,5/30/2022,$3 
Shahid Shariari,United States,Illinois,5/30/2020,$355 
Suzanne McNair,United States,California,5/30/2023,$38 
Adrian Hane,United States,Illinois,June/30/2022,$50 
Anthony Rawles,United States,California,June/30/2020,$32 
Brian DeCherney,United States,North Carolina,June/30/2020,$311 
Cari Schnelling,United States,New York,June/30/2020,$9 
Darrin Van Huff,United States,Tennessee,June/30/2023,$20 
Gary Hansen,United States,Illinois,June/30/2023,"$1,585 "
Helen Abelman,United States,New York,June/30/2020,$335 
John Castell,United States,California,June/30/2023,$436 
Michael Stewart,United States,Texas,June/30/2020,$47 
Neil Ducich,United States,New York,June/30/2023,"$1,085 "
Philip Fox,United States,Georgia,June/30/2022,"$1,303 "
Ralph Arnett,United States,New York,June/30/2023,$271 
Russell Applegate,United States,Illinois,June/30/2020,$5 
Sheri Gordon,United States,New York,June/30/2023,"$1,045 "
Thomas Thornton,United States,California,June/30/2023,$205 
Victor Preis,United States,Nevada,June/30/2023,$76 
Corey Catlett,United States,Texas,July/30/2021,$62 
Gary Hansen,United States,Minnesota,July/30/2021,$156 
Helen Andreada,United States,California,July/30/2021,$226 
Jay Fein,United States,Maryland,July/30/2023,$90 
John Lee,United States,California,July/30/2023,$357 
Katherine Hughes,United States,Illinois,July/30/2022,"$1,046 "
Lindsay Shagiari,United States,Texas,July/30/2022,$9 
Rob Williams,United States,California,July/30/2022,$716 
Tom Stivers,United States,Washington,July/30/2020,"$1,368 "
Tony Chapman,United States,Ohio,July/30/2023,$77 
Annie Thurman,United States,Connecticut,8/30/2020,$121 
Bruce Geld,United States,California,8/30/2022,$387 
Patrick O'Brill,United States,Pennsylvania,8/30/2022,"$1,270 "
Barbara Fisher,United States,Pennsylvania,September/30/2023,$21 
Ben Wallace,United States,Florida,September/30/2020,$16 
Bradley Talbott,United States,California,September/30/2023,$160 
Cari Sayre,United States,Washington,September/30/2023,$184 
Cindy Chapman,United States,Maryland,September/30/2023,$165 
Dario Medina,United States,Ohio,September/30/2020,$795 
Doug Bickford,United States,Washington,September/30/2020,$43 
Greg Matthias,United States,New York,September/30/2022,$524 
Kelly Williams,United States,Tennessee,September/30/2020,$69 
Maya Herman,United States,New York,September/30/2020,$15 
Russell Applegate,United States,New York,September/30/2020,$49 
Sample Company A,United States,Texas,September/30/2023,$12 
Sarah Jordon,United States,Illinois,September/30/2022,$2 
Barry Französisch,United States,New York,10/30/2021,"$1,036 "
Cathy Hwang,United States,Michigan,10/30/2021,$300 
Edward Hooks,United States,New York,10/30/2022,$144 
Frank Atkinson,United States,Colorado,10/30/2021,$603 
Jamie Kunitz,United States,California,10/30/2023,"$1,994 "
Jane Waco,United States,Washington,10/30/2023,$10 
Jason Fortune-,United States,Michigan,10/30/2022,$12 
Jim Karlsson,United States,Washington,10/30/2023,$912 
Michelle Moray,United States,Washington,10/30/2023,$103 
Mick Crebagga,United States,Pennsylvania,10/30/2023,$481 
Ross DeVincentis,United States,Kentucky,10/30/2023,$205 
Ryan Akin,United States,Texas,10/30/2023,$321 
Susan Pistek,United States,California,10/30/2022,$4 
Thomas Thornton,United States,Virginia,10/30/2021,$183 
Ann Blume,United States,North Carolina,11/30/2021,$17 
Bart Pistole,United States,Texas,11/30/2023,$96 
Bruce Stewart,United States,Michigan,11/30/2022,$934 
Dean Braden,United States,North Carolina,11/30/2022,$36 
Deborah Brumfield,United States,Texas,11/30/2021,$4 
Harold Pawlan,United States,New York,11/30/2023,"$1,311 "
Janet Lee,United States,New York,11/30/2021,$705 
Jeremy Lonsdale,United States,New York,11/30/2020,$62 
John Murray,United States,Nevada,11/30/2021,$107 
Lena Radford,United States,North Carolina,11/30/2021,$440 
Maria Zettner,United States,California,11/30/2023,$26 
Max Engle,United States,Delaware,11/30/2023,$156 
Max Ludwig,United States,Ohio,11/30/2023,$664 
Parhena Norris,United States,Florida,11/30/2023,$72 
Paul Stevenson,United States,Kentucky,11/30/2021,$89 
Philip Brown,United States,Arizona,11/30/2020,$150 
Randy Ferguson,United States,Florida,11/30/2020,$7 
Raymond Messe,United States,North Carolina,11/30/2021,$177 
Scott Williamson,United States,Mississippi,11/30/2023,$174 
Shahid Collister,United States,North Carolina,11/30/2023,"$2,166 "
Stuart Calhoun,United States,Texas,11/30/2023,$2 
Trudy Brown,United States,Pennsylvania,11/30/2023,"$1,079 "
Victor Preis,United States,New York,11/30/2023,$899 
William Brown,United States,Pennsylvania,11/30/2021,$258 
Harry Olson,Canada,Prince Edward Island,12/30/2020,$3 
Harry Olson,Canada,Prince Edward Island,12/30/2023,$3 
Alex Russell,United States,Pennsylvania,12/30/2020,$776 
Astrea Jones,United States,New York,12/30/2020,$158 
Brian Dahlen,United States,Pennsylvania,12/30/2022,$171 
Bryan Mills,United States,Ohio,12/30/2022,$20 
Carl Jackson,United States,Pennsylvania,12/30/2022,$17 
Chuck Clark,United States,Indiana,12/30/2023,$209 
Clay Ludtke,United States,California,12/30/2021,"$3,251 "
Dorothy Dickinson,United States,Tennessee,12/30/2020,$39 
Erica Bern,United States,California,12/30/2023,$35 
Evan Henry,United States,Florida,12/30/2022,$72 
Guy Armstrong,United States,Pennsylvania,12/30/2020,$28 
Jill Matthias,United States,Colorado,12/30/2023,$3 
Julie Prescott,United States,California,12/30/2022,$488 
Keith Dawkins,United States,Texas,12/30/2022,$7 
Ken Brennan,United States,Michigan,12/30/2020,$10 
Maureen Fritzler,United States,Arizona,12/30/2020,$552 
Patrick O'Donnell,United States,New York,12/30/2023,$467 
Stefania Perrino,United States,Texas,12/30/2020,$610 
Aimee Bixby,United States,Texas,1/31/2022,$16 
Ben Ferrer,United States,Georgia,1/31/2022,"$1,396 "
Jason Klamczynski,United States,New Jersey,1/31/2022,$23 
Karl Braun,United States,Minnesota,1/31/2021,$99 
Liz Carlisle,United States,California,1/31/2020,$291 
Sample Company A,United States,California,1/31/2022,$166 
Alex Avila,United States,California,3/31/2020,$727 
Carlos Soltero,United States,Pennsylvania,3/31/2022,$313 
Chad McGuire,United States,New York,3/31/2023,$782 
Daniel Byrd,United States,Kentucky,3/31/2023,$733 
David Smith,United States,Texas,3/31/2023,$205 
Denny Ordway,United States,New York,3/31/2023,$85 
Dorothy Dickinson,United States,Illinois,3/31/2020,$88 
Ed Braxton,United States,Texas,3/31/2021,$121 
Emily Grady,United States,Illinois,3/31/2023,$13 
Erica Hackney,United States,New York,3/31/2022,$328 
Henry Goldwyn,United States,California,3/31/2023,$30 
Jas O'Carroll,United States,Pennsylvania,3/31/2020,$1 
Jim Epp,United States,Georgia,3/31/2023,"$3,099 "
Karen Bern,United States,Florida,3/31/2020,$2 
Scott Cohen,United States,Florida,3/31/2021,$80 
Scott Cohen,United States,Texas,3/31/2023,$34 
Trudy Glocke,United States,Florida,3/31/2020,"$1,142 "
Beth Paige,United States,Illinois,5/31/2022,$252 
Bill Donatelli,United States,Minnesota,5/31/2021,"$2,568 "
Carl Weiss,United States,New York,5/31/2021,$8 
Elizabeth Moffitt,United States,New Jersey,5/31/2021,$345 
Janet Molinari,United States,Illinois,5/31/2021,$235 
Jim Karlsson,United States,Mississippi,5/31/2020,$774 
Muhammed Lee,United States,North Carolina,5/31/2021,$10 
Neoma Murray,United States,New York,5/31/2022,$187 
Sample Company A,United States,Connecticut,5/31/2021,$22 
Stephanie Phelps,United States,California,5/31/2021,$245 
Tamara Manning,United States,Utah,5/31/2021,"$1,746 "
Allen Rosenblatt,United States,Mississippi,July/31/2021,$240 
Anna Häberlin,United States,California,July/31/2022,$863 
Erin Ashbrook,United States,Pennsylvania,July/31/2023,$55 
Erin Creighton,United States,California,July/31/2023,$94 
Eugene Hildebrand,United States,Florida,July/31/2023,$41 
Greg Matthias,United States,Pennsylvania,July/31/2023,$286 
Katrina Willman,United States,Illinois,July/31/2023,$37 
Ken Lonsdale,United States,Michigan,July/31/2022,"$1,311 "
Laurel Beltran,United States,Delaware,July/31/2023,$873 
Luke Schmidt,United States,Wisconsin,July/31/2023,$173 
Rick Hansen,United States,New York,July/31/2021,"$3,420 "
Steve Chapman,United States,Missouri,July/31/2021,$53 
Andrew Roberts,United States,California,8/31/2021,$58 
Arthur Wiediger,United States,California,8/31/2023,$696 
Ashley Jarboe,United States,Indiana,8/31/2023,$639 
Barry Gonzalez,United States,Louisiana,8/31/2023,$660 
Bart Watters,United States,Washington,8/31/2023,$719 
Jeremy Farry,United States,Arizona,8/31/2023,$19 
Maxwell Schwartz,United States,California,8/31/2023,$194 
Michael Granlund,United States,Oregon,8/31/2023,$6 
Rick Huthwaite,United States,California,8/31/2021,$556 
Rob Lucas,United States,North Carolina,8/31/2023,$230 
Scott Cohen,United States,California,8/31/2021,"$1,967 "
Shirley Daniels,United States,Texas,8/31/2021,$21 
Shirley Jackson,United States,New Mexico,8/31/2020,$93 
Theone Pippenger,United States,Texas,8/31/2022,$24 
Adrian Hane,United States,Texas,10/31/2023,$5 
Amy Cox,United States,Arizona,10/31/2020,$742 
Anne McFarland,United States,Rhode Island,10/31/2020,"$2,117 "
Anthony Jacobs,United States,Ohio,10/31/2020,"$1,422 "
Bill Donatelli,United States,Pennsylvania,10/31/2022,$493 
Craig Yedwab,United States,Illinois,10/31/2023,$519 
Damala Kotsonis,United States,California,10/31/2021,$482 
Frank Olsen,United States,Florida,10/31/2022,$32 
Greg Guthrie,United States,California,10/31/2020,"$1,008 "
Harold Pawlan,United States,Michigan,10/31/2021,$70 
Helen Wasserman,United States,Oklahoma,10/31/2022,$736 
Jonathan Doherty,United States,California,10/31/2022,"$1,085 "
Kean Thornton,United States,New York,10/31/2021,$83 
Mary Zewe,United States,California,10/31/2021,$14 
Nancy Lomonaco,United States,California,10/31/2020,$74 
Sandra Glassco,United States,California,10/31/2021,"$2,562 "
Sylvia Foulston,United States,California,10/31/2022,"$1,404 "
Aaron Hawkins,United States,New York,12/31/2020,$54 
Anna Häberlin,United States,Michigan,12/31/2021,$116 
Barry Gonzalez,United States,Texas,12/31/2021,$162 
Becky Pak,United States,California,12/31/2022,$38 
Brian DeCherney,United States,California,12/31/2022,$302 
Candace McMahon,United States,Texas,12/31/2020,$50 
Duane Benoit,United States,Ohio,12/31/2022,$157 
Emily Phan,United States,Florida,12/31/2022,$71 
Gary Mitchum,United States,Massachusetts,12/31/2020,$177 
James Lanier,United States,Nevada,12/31/2020,$476 
Jas O'Carroll,United States,Montana,12/31/2021,$488 
Karen Carlisle,United States,Kentucky,12/31/2021,$596 
Katherine Murray,United States,Rhode Island,12/31/2020,"$2,846 "
Kelly Lampkin,United States,Nevada,12/31/2022,$163 
Pamela Coakley,United States,New York,12/31/2020,"$1,573 "
Rob Williams,United States,Missouri,12/31/2020,$77 
Trudy Brown,United States,Texas,12/31/2021,$18 
